day;timestamp;product;bid_price_1;bid_volume_1;bid_price_2;bid_volume_2;bid_price_3;bid_volume_3;ask_price_1;ask_volume_1;ask_price_2;ask_volume_2;ask_price_3;ask_volume_3;mid_price;profit_and_loss
-1;0;PEARLS;9998;1;9995;30;;;10005;30;;;;;10001.5;0.0
-1;0;BANANAS;4946;1;4945;30;;;4952;30;;;;;4949.0;0.0
-1;100;PEARLS;9996;1;9995;30;;;10002;6;10004;1;10005;30;9999.0;0.0
-1;100;BANANAS;4945;31;;;;;4950;7;4952;31;;;4947.5;0.0
-1;200;BANANAS;4945;22;;;;;4951;1;4952;21;;;4948.0;0.0
-1;200;PEARLS;9996;1;9995;21;;;10004;1;10005;21;;;10000.0;0.0
-1;300;PEARLS;9996;2;9995;23;;;9998;3;10004;2;10005;23;9997.0;0.0
-1;300;BANANAS;4945;25;;;;;4952;25;;;;;4948.5;0.0
-1;400;PEARLS;9998;5;9996;2;9995;23;10004;2;10005;23;;;10001.0;0.0
-1;400;BANANAS;4946;5;4945;25;;;4952;25;;;;;4949.0;0.0
-1;500;PEARLS;10002;1;9996;2;9995;22;10004;2;10005;22;;;10003.0;0.0
-1;500;BANANAS;4945;24;;;;;4952;24;;;;;4948.5;0.0
-1;600;BANANAS;4946;2;4945;24;;;4950;9;4952;26;;;4948.0;0.0
-1;600;PEARLS;9996;2;9995;24;;;10002;9;10004;2;10005;24;9999.0;0.0
-1;700;PEARLS;9998;7;9995;27;;;10005;27;;;;;10001.5;0.0
-1;700;BANANAS;4946;7;4945;27;;;4952;27;;;;;4949.0;0.0
-1;800;PEARLS;9995;26;;;;;10005;26;;;;;10000.0;0.0
-1;800;BANANAS;4944;26;;;;;4951;26;;;;;4947.5;0.0
-1;900;BANANAS;4944;2;4943;27;;;4950;29;;;;;4947.0;0.0
-1;900;PEARLS;9996;2;9995;27;;;10004;2;10005;27;;;10000.0;0.0
-1;1000;BANANAS;4944;28;;;;;4950;2;4951;26;;;4947.0;0.0
-1;1000;PEARLS;9996;2;9995;26;;;10004;2;10005;26;;;10000.0;0.0
-1;1100;BANANAS;4944;25;;;;;4950;2;4951;23;;;4947.0;0.0
-1;1100;PEARLS;9996;2;9995;23;;;10004;2;10005;23;;;10000.0;0.0
-1;1200;PEARLS;9998;9;9996;2;9995;28;10004;2;10005;28;;;10001.0;0.0
-1;1200;BANANAS;4945;9;4944;30;;;4951;30;;;;;4948.0;0.0
-1;1300;PEARLS;9996;1;9995;27;;;10004;1;10005;27;;;10000.0;0.0
-1;1300;BANANAS;4944;28;;;;;4946;4;4951;28;;;4945.0;0.0
-1;1400;BANANAS;4945;25;;;;;4951;2;4952;24;;;4948.0;0.0
-1;1400;PEARLS;9996;2;9995;24;;;10004;2;10005;24;;;10000.0;0.0
-1;1500;PEARLS;10002;1;9996;2;9995;20;10004;2;10005;20;;;10003.0;0.0
-1;1500;BANANAS;4950;1;4945;2;4944;20;4951;22;;;;;4950.5;0.0
-1;1600;PEARLS;9996;1;9995;22;;;10004;1;10005;22;;;10000.0;0.0
-1;1600;BANANAS;4945;23;;;;;4951;1;4952;22;;;4948.0;-37.070312
-1;1700;PEARLS;9995;27;;;;;10005;27;;;;;10000.0;0.0
-1;1700;BANANAS;4945;27;;;;;4948;2;4952;27;;;4946.5;-21.15625
-1;1800;BANANAS;4946;2;4945;25;;;4952;27;;;;;4949.0;-24.34375
-1;1800;PEARLS;9996;2;9995;25;;;10004;2;10005;25;;;10000.0;0.0
-1;1900;PEARLS;9996;2;9995;29;;;10004;2;10005;29;;;10000.0;0.0
-1;1900;BANANAS;4945;31;;;;;4952;31;;;;;4948.5;-34.359375
-1;2000;PEARLS;9996;1;9995;25;;;10002;7;10004;1;10005;25;9999.0;0.0
-1;2000;BANANAS;4945;26;;;;;4950;7;4951;1;4952;25;4947.5;-35.109375
-1;2100;PEARLS;9995;23;;;;;10005;23;;;;;10000.0;0.0
-1;2100;BANANAS;4945;23;;;;;4952;23;;;;;4948.5;-31.414062
-1;2200;BANANAS;4945;32;;;;;4952;32;;;;;4948.5;-26.015625
-1;2200;PEARLS;9996;2;9995;30;;;10004;2;10005;30;;;10000.0;0.0
-1;2300;PEARLS;9996;2;9995;22;;;10004;2;10005;22;;;10000.0;0.0
-1;2300;BANANAS;4946;2;4945;22;;;4952;24;;;;;4949.0;27.685547
-1;2400;PEARLS;9998;4;9996;2;9995;23;10004;2;10005;23;;;10001.0;0.0
-1;2400;BANANAS;4951;3;4948;4;4947;25;4953;2;4954;23;;;4952.0;32.552734
-1;2500;BANANAS;4947;1;4946;20;;;4948;5;4953;21;;;4947.5;31.207031
-1;2500;PEARLS;9996;1;9995;20;;;10004;1;10005;20;;;10000.0;0.0
-1;2600;BANANAS;4946;25;;;;;4953;25;;;;;4949.5;30.029297
-1;2600;PEARLS;9995;25;;;;;10005;25;;;;;10000.0;0.0
-1;2700;BANANAS;4947;10;4946;24;;;4953;25;;;;;4950.0;31.167969
-1;2700;PEARLS;9998;4;9996;1;9995;24;10004;1;10005;24;;;10001.0;0.0
-1;2800;PEARLS;9998;5;9995;29;;;10005;29;;;;;10001.5;0.0
-1;2800;BANANAS;4952;1;4947;5;4946;29;4953;29;;;;;4952.5;30.310547
-1;2900;BANANAS;4946;25;;;;;4953;25;;;;;4949.5;29.595703
-1;2900;PEARLS;10002;10;9996;2;9995;23;10004;2;10005;23;;;10003.0;0.0
-1;3000;BANANAS;4946;31;;;;;4953;31;;;;;4949.5;29.769531
-1;3000;PEARLS;9996;2;9995;29;;;10004;2;10005;29;;;10000.0;0.0
-1;3100;BANANAS;4947;27;;;;;4953;2;4954;26;;;4950.0;32.32422
-1;3100;PEARLS;9996;2;9995;26;;;10004;2;10005;26;;;10000.0;0.0
-1;3200;PEARLS;9996;2;9995;30;;;10002;6;10004;2;10005;30;9999.0;0.0
-1;3200;BANANAS;4947;2;4946;30;;;4951;6;4953;32;;;4949.0;31.357422
-1;3300;BANANAS;4946;28;;;;;4953;28;;;;;4949.5;29.152344
-1;3300;PEARLS;9996;2;9995;26;;;10004;2;10005;26;;;10000.0;0.0
-1;3400;BANANAS;4946;29;;;;;4953;29;;;;;4949.5;29.748047
-1;3400;PEARLS;9996;2;9995;27;;;10004;2;10005;27;;;10000.0;0.0
-1;3500;BANANAS;4946;30;;;;;4951;9;4953;30;;;4948.5;30.49414
-1;3500;PEARLS;9996;2;9995;28;;;10002;9;10004;2;10005;28;9999.0;0.0
-1;3600;PEARLS;9995;21;;;;;9998;1;10005;21;;;9996.5;0.0
-1;3600;BANANAS;4947;21;;;;;4954;21;;;;;4950.5;32.94922
-1;3700;BANANAS;4947;31;;;;;4952;6;4953;2;4954;29;4949.5;32.93164
-1;3700;PEARLS;9996;2;9995;29;;;10000;5;10002;7;10004;2;9998.0;0.0
-1;3800;BANANAS;4947;30;;;;;4953;1;4954;29;;;4950.0;32.77539
-1;3800;PEARLS;10002;1;9996;1;9995;29;10004;1;10005;29;;;10003.0;0.0
-1;3900;BANANAS;4948;1;4947;25;;;4954;25;;;;;4951.0;32.30078
-1;3900;PEARLS;9998;1;9995;25;;;10005;25;;;;;10001.5;0.0
-1;4000;PEARLS;10002;9;9996;2;9995;27;10004;2;10005;27;;;10003.0;0.0
-1;4000;BANANAS;4947;29;;;;;4953;2;4954;27;;;4950.0;32.195312
-1;4100;BANANAS;4946;24;;;;;4953;24;;;;;4949.5;30.783203
-1;4100;PEARLS;9996;1;9995;23;;;10004;1;10005;23;;;10000.0;0.0
-1;4200;BANANAS;4946;28;;;;;4947;12;4953;28;;;4946.5;30.722656
-1;4200;PEARLS;9996;2;9995;26;;;10004;2;10005;26;;;10000.0;0.0
-1;4300;BANANAS;4946;31;;;;;4952;2;4953;29;;;4949.0;28.75
-1;4300;PEARLS;9996;2;9995;29;;;10004;2;10005;29;;;10000.0;0.0
-1;4400;PEARLS;9996;1;9995;26;;;9998;1;10004;1;10005;26;9997.0;0.0
-1;4400;BANANAS;4946;26;;;;;4953;27;;;;;4949.5;29.716797
-1;4500;BANANAS;4946;27;;;;;4953;27;;;;;4949.5;29.585938
-1;4500;PEARLS;9995;27;;;;;10005;27;;;;;10000.0;0.0
-1;4600;BANANAS;4946;22;;;;;4953;22;;;;;4949.5;30.058594
-1;4600;PEARLS;9996;1;9995;21;;;10004;1;10005;21;;;10000.0;0.0
-1;4700;BANANAS;4946;27;;;;;4947;8;4952;1;4953;26;4946.5;29.00586
-1;4700;PEARLS;9998;4;9996;1;9995;26;10004;1;10005;26;;;10001.0;0.0
-1;4800;PEARLS;10002;3;9996;1;9995;24;10004;1;10005;24;;;10003.0;0.0
-1;4800;BANANAS;4951;1;4946;25;;;4952;1;4953;24;;;4951.5;28.970703
-1;4900;BANANAS;4946;22;;;;;4952;22;;;;;4949.0;28.058594
-1;4900;PEARLS;9995;22;;;;;9998;4;10005;22;;;9996.5;0.0
-1;5000;BANANAS;4947;4;4946;22;;;4953;23;;;;;4950.0;30.916016
-1;5000;PEARLS;9998;3;9996;1;9995;22;10004;1;10005;22;;;10001.0;0.0
-1;5100;BANANAS;4947;9;4946;25;;;4948;2;4953;25;;;4947.5;31.796875
-1;5100;PEARLS;10002;1;9998;9;9995;25;10005;25;;;;;10003.5;0.0
-1;5200;PEARLS;9996;2;9995;22;;;10004;2;10005;22;;;10000.0;0.0
-1;5200;BANANAS;4947;2;4946;22;;;4953;24;;;;;4950.0;31.408203
-1;5300;PEARLS;9995;25;;;;;10005;25;;;;;10000.0;0.0
-1;5300;BANANAS;4947;25;;;;;4954;25;;;;;4950.5;32.248047
-1;5400;BANANAS;4947;27;;;;;4952;8;4954;27;;;4949.5;33.30078
-1;5400;PEARLS;9995;27;;;;;10000;6;10002;8;10005;27;9997.5;0.0
-1;5500;BANANAS;4947;30;;;;;4954;30;;;;;4950.5;33.521484
-1;5500;PEARLS;9996;1;9995;29;;;10004;1;10005;29;;;10000.0;0.0
-1;5600;BANANAS;4947;9;4946;26;;;4953;27;;;;;4950.0;31.55664
-1;5600;PEARLS;10002;1;9998;8;9996;1;10004;1;10005;26;;;10003.0;0.0
-1;5700;PEARLS;9998;4;9996;2;9995;23;10004;2;10005;23;;;10001.0;0.0
-1;5700;BANANAS;4950;2;4948;4;4947;25;4954;25;;;;;4952.0;34.460938
-1;5800;PEARLS;10002;1;9998;10;9995;24;10005;24;;;;;10003.5;0.0
-1;5800;BANANAS;4953;1;4948;10;4947;24;4954;24;;;;;4953.5;34.375
-1;5900;BANANAS;4947;21;;;;;4954;21;;;;;4950.5;33.746094
-1;5900;PEARLS;10000;5;9996;1;9995;20;10004;1;10005;20;;;10002.0;0.0
-1;6000;PEARLS;9996;2;9995;22;;;9998;4;10004;2;10005;22;9997.0;0.0
-1;6000;BANANAS;4947;24;;;;;4953;2;4954;22;;;4950.0;33.046875
-1;6100;PEARLS;9996;1;9995;24;;;10000;5;10002;2;10004;1;9998.0;0.0
-1;6100;BANANAS;4947;25;;;;;4952;2;4954;25;;;4949.5;34.29492
-1;6200;PEARLS;9996;1;9995;29;;;10004;1;10005;29;;;10000.0;0.0
-1;6200;BANANAS;4947;30;;;;;4948;13;4954;30;;;4947.5;33.76367
-1;6300;BANANAS;4947;25;;;;;4948;1;4954;25;;;4947.5;34.623047
-1;6300;PEARLS;9995;25;;;;;10005;25;;;;;10000.0;0.0
-1;6400;PEARLS;10000;4;9995;23;;;10005;23;;;;;10002.5;0.0
-1;6400;BANANAS;4947;23;;;;;4954;23;;;;;4950.5;35.03711
-1;6500;PEARLS;9995;20;;;;;10005;20;;;;;10000.0;0.0
-1;6500;BANANAS;4947;20;;;;;4954;20;;;;;4950.5;35.835938
-1;6600;PEARLS;9996;1;9995;26;;;10004;1;10005;26;;;10000.0;0.0
-1;6600;BANANAS;4948;27;;;;;4955;27;;;;;4951.5;37.453125
-1;6700;BANANAS;4948;28;;;;;4954;2;4955;26;;;4951.0;52.0
-1;6700;PEARLS;10002;4;9996;2;9995;26;10004;2;10005;26;;;10003.0;0.0
-1;6800;BANANAS;4948;1;4947;24;;;4954;24;;;;;4951.0;52.0
-1;6800;PEARLS;9998;1;9996;1;9995;23;10004;1;10005;23;;;10001.0;0.0
-1;6900;PEARLS;9995;28;;;;;10005;28;;;;;10000.0;0.0
-1;6900;BANANAS;4952;1;4951;4;4947;28;4954;28;;;;;4953.0;56.58203
-1;7000;PEARLS;10000;6;9998;7;9996;2;10004;2;10005;27;;;10002.0;0.0
-1;7000;BANANAS;4948;7;4947;29;;;4954;29;;;;;4951.0;56.722656
-1;7100;PEARLS;9996;1;9995;29;;;10004;1;10005;29;;;10000.0;0.0
-1;7100;BANANAS;4947;30;;;;;4954;30;;;;;4950.5;57.08496
-1;7200;BANANAS;4947;23;;;;;4954;23;;;;;4950.5;57.435547
-1;7200;PEARLS;9996;2;9995;21;;;10004;2;10005;21;;;10000.0;0.0
-1;7300;PEARLS;9996;2;9995;23;;;10002;4;10004;2;10005;23;9999.0;0.0
-1;7300;BANANAS;4947;25;;;;;4952;4;4954;25;;;4949.5;56.63672
-1;7400;PEARLS;10002;1;9996;2;9995;28;10004;2;10005;28;;;10003.0;0.0
-1;7400;BANANAS;4947;30;;;;;4953;2;4954;28;;;4950.0;56.291016
-1;7500;PEARLS;9995;29;;;;;10005;29;;;;;10000.0;0.0
-1;7500;BANANAS;4947;29;;;;;4953;29;;;;;4950.0;56.04297
-1;7600;BANANAS;4946;26;;;;;4953;26;;;;;4949.5;54.771484
-1;7600;PEARLS;9996;2;9995;24;;;10004;2;10005;24;;;10000.0;0.0
-1;7700;PEARLS;9995;28;;;;;10005;28;;;;;10000.0;0.0
-1;7700;BANANAS;4951;1;4945;28;;;4952;28;;;;;4951.5;58.828125
-1;7800;PEARLS;9996;1;9995;22;;;10004;1;10005;22;;;10000.0;0.0
-1;7800;BANANAS;4951;1;4946;23;;;4952;1;4953;22;;;4951.5;32.515625
-1;7900;PEARLS;9996;1;9995;25;;;10002;4;10004;1;10005;25;9999.0;0.0
-1;7900;BANANAS;4946;1;4945;25;;;4950;4;4952;26;;;4948.0;22.703125
-1;8000;BANANAS;4945;23;;;;;4952;23;;;;;4948.5;21.664062
-1;8000;PEARLS;9996;1;9995;22;;;10004;1;10005;22;;;10000.0;0.0
-1;8100;PEARLS;9995;22;;;;;10005;22;;;;;10000.0;0.0
-1;8100;BANANAS;4945;22;;;;;4952;22;;;;;4948.5;16.015625
-1;8200;PEARLS;9995;20;;;;;9998;1;10002;2;10005;20;9996.5;0.0
-1;8200;BANANAS;4949;2;4945;20;;;4950;2;4952;20;;;4949.5;15.0703125
-1;8300;PEARLS;10002;1;9998;6;9996;1;10004;1;10005;26;;;10003.0;0.0
-1;8300;BANANAS;4946;6;4945;27;;;4952;27;;;;;4949.0;13.578125
-1;8400;BANANAS;4945;26;;;;;4951;26;;;;;4948.0;7.59375
-1;8400;PEARLS;9995;26;;;;;10005;26;;;;;10000.0;0.0
-1;8500;PEARLS;9995;30;;;;;10005;30;;;;;10000.0;0.0
-1;8500;BANANAS;4947;5;4944;30;;;4951;30;;;;;4949.0;-3.28125
-1;8600;PEARLS;9996;1;9995;22;;;10004;1;10005;22;;;10000.0;0.0
-1;8600;BANANAS;4944;23;;;;;4951;23;;;;;4947.5;-5.46875
-1;8700;PEARLS;9996;1;9995;29;;;10004;1;10005;29;;;10000.0;0.0
-1;8700;BANANAS;4945;30;;;;;4946;1;4952;30;;;4945.5;15.3359375
-1;8800;BANANAS;4945;23;;;;;4947;4;4952;23;;;4946.0;20.148438
-1;8800;PEARLS;9995;23;;;;;9998;12;10005;23;;;9996.5;0.0
-1;8900;PEARLS;10002;5;9996;1;9995;26;10004;1;10005;26;;;10003.0;0.0
-1;8900;BANANAS;4945;27;;;;;4952;27;;;;;4948.5;15.15625
-1;9000;PEARLS;9995;23;;;;;10002;7;10005;23;;;9998.5;0.0
-1;9000;BANANAS;4945;23;;;;;4950;7;4952;23;;;4947.5;21.0625
-1;9100;PEARLS;9996;1;9995;30;;;10004;1;10005;30;;;10000.0;0.0
-1;9100;BANANAS;4946;31;;;;;4949;3;4952;1;4953;30;4947.5;31.039062
-1;9200;BANANAS;4945;24;;;;;4950;3;4952;24;;;4947.5;23.96875
-1;9200;PEARLS;9995;24;;;;;10002;3;10005;24;;;9998.5;0.0
-1;9300;PEARLS;9995;23;;;;;10005;23;;;;;10000.0;0.0
-1;9300;BANANAS;4945;23;;;;;4952;23;;;;;4948.5;23.398438
-1;9400;PEARLS;9996;2;9995;22;;;10004;2;10005;22;;;10000.0;0.0
-1;9400;BANANAS;4946;24;;;;;4952;24;;;;;4949.0;27.648438
-1;9500;PEARLS;9998;9;9996;1;9995;28;10004;1;10005;28;;;10001.0;0.0
-1;9500;BANANAS;4946;10;4945;28;;;4952;29;;;;;4949.0;25.609375
-1;9600;BANANAS;4945;20;;;;;4946;1;4952;20;;;4945.5;22.101562
-1;9600;PEARLS;9995;20;;;;;10005;20;;;;;10000.0;0.0
-1;9700;PEARLS;9998;3;9995;25;;;10005;25;;;;;10001.5;0.0
-1;9700;BANANAS;4946;3;4945;25;;;4952;25;;;;;4949.0;27.257812
-1;9800;PEARLS;9995;21;;;;;10002;5;10005;21;;;9998.5;0.0
-1;9800;BANANAS;4945;21;;;;;4950;5;4952;21;;;4947.5;25.984375
-1;9900;BANANAS;4945;22;;;;;4952;22;;;;;4948.5;23.390625
-1;9900;PEARLS;9995;22;;;;;10005;22;;;;;10000.0;0.0
-1;10000;BANANAS;4946;8;4945;31;;;4952;31;;;;;4949.0;20.5
-1;10000;PEARLS;9998;8;9996;2;9995;29;10004;2;10005;29;;;10001.0;0.0
-1;10100;BANANAS;4945;22;;;;;4952;22;;;;;4948.5;23.25
-1;10100;PEARLS;9995;22;;;;;10005;22;;;;;10000.0;0.0
-1;10200;PEARLS;9996;2;9995;23;;;10004;2;10005;23;;;10000.0;0.0
-1;10200;BANANAS;4946;25;;;;;4952;2;4953;23;;;4949.0;30.046875
-1;10300;PEARLS;9996;2;9995;20;;;10004;2;10005;20;;;10000.0;0.0
-1;10300;BANANAS;4946;2;4945;20;;;4947;4;4952;22;;;4946.5;26.273438
-1;10400;BANANAS;4946;30;;;;;4953;30;;;;;4949.5;36.109375
-1;10400;PEARLS;9995;30;;;;;10005;30;;;;;10000.0;0.0
-1;10500;PEARLS;9998;4;9996;1;9995;27;10004;1;10005;27;;;10001.0;0.0
-1;10500;BANANAS;4946;4;4945;28;;;4952;28;;;;;4949.0;15.0390625
-1;10600;PEARLS;9995;23;;;;;9998;2;10002;6;10005;23;9996.5;0.0
-1;10600;BANANAS;4945;23;;;;;4950;6;4952;23;;;4947.5;15.484375
-1;10700;PEARLS;9998;1;9995;23;;;10005;23;;;;;10001.5;0.0
-1;10700;BANANAS;4946;1;4945;23;;;4952;23;;;;;4949.0;20.726562
-1;10800;BANANAS;4947;3;4946;23;;;4953;23;;;;;4950.0;35.28125
-1;10800;PEARLS;10002;1;9998;4;9995;23;10005;23;;;;;10003.5;0.0
-1;10900;PEARLS;9996;1;9995;29;;;10004;1;10005;29;;;10000.0;0.0
-1;10900;BANANAS;4947;1;4946;29;;;4953;30;;;;;4950.0;46.5625
-1;11000;PEARLS;9996;1;9995;29;;;10004;1;10005;29;;;10000.0;0.0
-1;11000;BANANAS;4946;30;;;;;4952;1;4953;29;;;4949.0;32.414062
-1;11100;PEARLS;9996;2;9995;29;;;10002;4;10004;2;10005;29;9999.0;0.0
-1;11100;BANANAS;4946;31;;;;;4951;4;4952;2;4953;29;4948.5;31.210938
-1;11200;BANANAS;4946;29;;;;;4952;1;4953;28;;;4949.0;31.875
-1;11200;PEARLS;10002;1;9996;1;9995;28;10004;1;10005;28;;;10003.0;0.0
-1;11300;BANANAS;4950;1;4945;27;;;4952;27;;;;;4951.0;21.21875
-1;11300;PEARLS;9996;1;9995;26;;;10004;1;10005;26;;;10000.0;0.0
-1;11400;PEARLS;9998;2;9996;1;9995;23;10004;1;10005;23;;;10001.0;0.0
-1;11400;BANANAS;4946;3;4945;24;;;4951;1;4952;23;;;4948.5;10.7421875
-1;11500;BANANAS;4945;2;4944;28;;;4951;29;;;;;4948.0;4.0859375
-1;11500;PEARLS;9998;1;9996;1;9995;28;10004;1;10005;28;;;10001.0;0.0
-1;11600;BANANAS;4944;26;;;;;4951;26;;;;;4947.5;-1.0546875
-1;11600;PEARLS;9995;26;;;;;10005;26;;;;;10000.0;0.0
-1;11700;BANANAS;4944;22;;;;;4951;22;;;;;4947.5;2.109375
-1;11700;PEARLS;9996;1;9995;21;;;10004;1;10005;21;;;10000.0;0.0
-1;11800;PEARLS;9995;21;;;;;10005;21;;;;;10000.0;0.0
-1;11800;BANANAS;4944;21;;;;;4951;21;;;;;4947.5;3.109375
-1;11900;BANANAS;4944;25;;;;;4951;25;;;;;4947.5;-9.828125
-1;11900;PEARLS;9995;25;;;;;10005;25;;;;;10000.0;0.0
-1;12000;BANANAS;4943;25;;;;;4950;25;;;;;4946.5;-16.601562
-1;12000;PEARLS;9995;25;;;;;10005;25;;;;;10000.0;0.0
-1;12100;BANANAS;4943;22;;;;;4948;4;4949;2;4950;20;4945.5;-30.476562
-1;12100;PEARLS;9996;2;9995;20;;;10002;3;10004;2;10005;20;9999.0;0.0
-1;12200;PEARLS;9998;10;9996;2;9995;26;10004;2;10005;26;;;10001.0;0.0
-1;12200;BANANAS;4944;10;4943;28;;;4950;28;;;;;4947.0;-20.273438
-1;12300;BANANAS;4943;24;;;;;4950;24;;;;;4946.5;-24.390625
-1;12300;PEARLS;9996;1;9995;23;;;10000;5;10004;1;10005;23;9998.0;0.0
-1;12400;BANANAS;4943;30;;;;;4949;1;4950;29;;;4946.0;-27.242188
-1;12400;PEARLS;9996;1;9995;29;;;10004;1;10005;29;;;10000.0;0.0
-1;12500;BANANAS;4943;31;;;;;4949;2;4950;29;;;4946.0;-27.171875
-1;12500;PEARLS;10002;5;9996;2;9995;29;10004;2;10005;29;;;10003.0;0.0
-1;12600;PEARLS;9998;5;9996;1;9995;30;10004;1;10005;30;;;10001.0;0.0
-1;12600;BANANAS;4944;5;4943;31;;;4949;31;;;;;4946.5;-31.46875
-1;12700;BANANAS;4943;31;;;;;4950;31;;;;;4946.5;-21.523438
-1;12700;PEARLS;9996;2;9995;29;;;10004;2;10005;29;;;10000.0;0.0
-1;12800;BANANAS;4943;31;;;;;4948;3;4950;31;;;4945.5;-18.296875
-1;12800;PEARLS;9996;1;9995;30;;;10002;3;10004;1;10005;30;9999.0;0.0
-1;12900;BANANAS;4944;24;;;;;4950;24;;;;;4947.0;-12.1640625
-1;12900;PEARLS;9995;24;;;;;10005;24;;;;;10000.0;0.0
-1;13000;PEARLS;9995;27;;;;;10005;27;;;;;10000.0;0.0
-1;13000;BANANAS;4943;27;;;;;4950;27;;;;;4946.5;-14.3359375
-1;13100;BANANAS;4944;30;;;;;4950;2;4951;28;;;4947.0;-9.953125
-1;13100;PEARLS;9996;2;9995;28;;;10004;2;10005;28;;;10000.0;0.0
-1;13200;BANANAS;4943;28;;;;;4950;28;;;;;4946.5;-15.65625
-1;13200;PEARLS;9995;28;;;;;10005;28;;;;;10000.0;0.0
-1;13300;BANANAS;4949;1;4944;28;;;4950;2;4951;26;;;4949.5;-10.484375
-1;13300;PEARLS;9996;2;9995;26;;;10004;2;10005;26;;;10000.0;0.0
-1;13400;PEARLS;10002;1;9996;1;9995;25;10004;1;10005;25;;;10003.0;0.0
-1;13400;BANANAS;4944;26;;;;;4950;1;4951;25;;;4947.0;-9.359375
-1;13500;BANANAS;4947;4;4944;30;;;4949;9;4951;30;;;4948.0;-2.0625
-1;13500;PEARLS;9996;1;9995;29;;;10002;9;10004;1;10005;29;9999.0;0.0
-1;13600;BANANAS;4944;25;;;;;4950;2;4951;23;;;4947.0;-6.9921875
-1;13600;PEARLS;9996;2;9995;23;;;10004;2;10005;23;;;10000.0;0.0
-1;13700;BANANAS;4947;5;4944;30;;;4949;7;4951;30;;;4948.0;-6.046875
-1;13700;PEARLS;10000;2;9996;2;9995;28;10002;7;10004;2;10005;28;10001.0;0.0
-1;13800;PEARLS;9996;1;9995;24;;;10004;1;10005;24;;;10000.0;0.0
-1;13800;BANANAS;4943;25;;;;;4950;25;;;;;4946.5;-25.351562
-1;13900;BANANAS;4942;20;;;;;4947;2;4949;20;;;4944.5;-36.953125
-1;13900;PEARLS;9995;20;;;;;10002;2;10005;20;;;9998.5;0.0
-1;14000;BANANAS;4948;1;4943;1;4942;26;4949;27;;;;;4948.5;-36.773438
-1;14000;PEARLS;9996;1;9995;26;;;10004;1;10005;26;;;10000.0;0.0
-1;14100;BANANAS;4942;24;;;;;4949;24;;;;;4945.5;-44.640625
-1;14100;PEARLS;10000;3;9996;2;9995;22;10004;2;10005;22;;;10002.0;0.0
-1;14200;BANANAS;4942;24;;;;;4949;24;;;;;4945.5;-45.890625
-1;14200;PEARLS;9996;2;9995;22;;;10004;2;10005;22;;;10000.0;0.0
-1;14300;PEARLS;9996;2;9995;28;;;10004;2;10005;28;;;10000.0;0.0
-1;14300;BANANAS;4943;30;;;;;4949;2;4950;28;;;4946.0;-31.3125
-1;14400;BANANAS;4943;9;4942;23;;;4949;23;;;;;4946.0;-37.921875
-1;14400;PEARLS;9998;9;9996;1;9995;22;10004;1;10005;22;;;10001.0;0.0
-1;14500;BANANAS;4943;22;;;;;4949;1;4950;22;;;4946.0;-30.664062
-1;14500;PEARLS;9996;1;9995;22;;;10000;2;10004;1;10005;22;9998.0;0.0
-1;14600;PEARLS;9995;21;;;;;10002;3;10005;21;;;9998.5;0.0
-1;14600;BANANAS;4942;21;;;;;4947;3;4949;21;;;4944.5;-37.015625
-1;14700;PEARLS;9998;5;9996;2;9995;24;10004;2;10005;24;;;10001.0;0.0
-1;14700;BANANAS;4943;7;4942;24;;;4949;26;;;;;4946.0;-37.59375
-1;14800;PEARLS;9996;2;9995;21;;;10004;2;10005;21;;;10000.0;0.0
-1;14800;BANANAS;4943;1;4942;21;;;4949;23;;;;;4946.0;-34.304688
-1;14900;BANANAS;4943;2;4942;28;;;4947;8;4949;30;;;4945.0;-36.90625
-1;14900;PEARLS;9996;2;9995;28;;;10002;8;10004;2;10005;28;9999.0;0.0
-1;15000;PEARLS;9996;1;9995;22;;;10004;1;10005;22;;;10000.0;0.0
-1;15000;BANANAS;4942;23;;;;;4943;1;4949;23;;;4942.5;-41.453125
-1;15100;PEARLS;10002;1;9996;1;9995;25;10004;1;10005;25;;;10003.0;0.0
-1;15100;BANANAS;4948;1;4943;1;4942;25;4949;26;;;;;4948.5;-34.335938
-1;15200;PEARLS;9998;3;9996;2;9995;23;10000;4;10004;2;10005;23;9999.0;0.0
-1;15200;BANANAS;4946;3;4944;3;4943;25;4950;25;;;;;4948.0;-24.1875
-1;15300;BANANAS;4943;5;4942;22;;;4949;24;;;;;4946.0;-34.617188
-1;15300;PEARLS;9998;3;9996;2;9995;22;10004;2;10005;22;;;10001.0;0.0
-1;15400;PEARLS;9996;2;9995;24;;;10002;4;10004;2;10005;24;9999.0;0.0
-1;15400;BANANAS;4942;26;;;;;4947;4;4949;26;;;4944.5;-39.09375
-1;15500;PEARLS;9998;5;9995;20;;;10005;20;;;;;10001.5;0.0
-1;15500;BANANAS;4948;1;4943;5;4942;20;4949;20;;;;;4948.5;-36.0625
-1;15600;PEARLS;9996;1;9995;23;;;10004;1;10005;23;;;10000.0;0.0
-1;15600;BANANAS;4943;24;;;;;4950;24;;;;;4946.5;-24.585938
-1;15700;PEARLS;9996;2;9995;20;;;10004;2;10005;20;;;10000.0;0.0
-1;15700;BANANAS;4944;22;;;;;4950;2;4951;20;;;4947.0;-8.140625
-1;15800;BANANAS;4945;9;4944;26;;;4950;2;4951;24;;;4947.5;-9.7421875
-1;15800;PEARLS;9998;5;9996;2;9995;24;10004;2;10005;24;;;10001.0;0.0
-1;15900;PEARLS;9998;10;9995;27;;;10005;27;;;;;10001.5;0.0
-1;15900;BANANAS;4945;10;4944;27;;;4951;27;;;;;4948.0;-1.109375
-1;16000;PEARLS;9996;2;9995;25;;;10002;7;10004;2;10005;25;9999.0;0.0
-1;16000;BANANAS;4945;27;;;;;4950;7;4951;2;4952;25;4947.5;9.015625
-1;16100;PEARLS;9998;4;9995;29;;;10005;29;;;;;10001.5;0.0
-1;16100;BANANAS;4945;4;4944;29;;;4951;29;;;;;4948.0;4.2578125
-1;16200;BANANAS;4944;21;;;;;4945;1;4951;21;;;4944.5;4.09375
-1;16200;PEARLS;9995;21;;;;;10005;21;;;;;10000.0;0.0
-1;16300;PEARLS;9996;2;9995;29;;;10002;2;10004;2;10005;29;9999.0;0.0
-1;16300;BANANAS;4944;31;;;;;4949;2;4951;31;;;4946.5;0.0234375
-1;16400;PEARLS;9996;2;9995;22;;;9998;1;10004;2;10005;22;9997.0;0.0
-1;16400;BANANAS;4945;2;4944;22;;;4951;24;;;;;4948.0;5.5625
-1;16500;PEARLS;9996;2;9995;25;;;10004;2;10005;25;;;10000.0;0.0
-1;16500;BANANAS;4945;2;4944;25;;;4951;27;;;;;4948.0;3.8984375
-1;16600;BANANAS;4945;25;;;;;4951;25;;;;;4948.0;8.25
-1;16600;PEARLS;9996;2;9995;23;;;10004;2;10005;23;;;10000.0;0.0
-1;16700;PEARLS;10002;3;9996;1;9995;23;10004;1;10005;23;;;10003.0;0.0
-1;16700;BANANAS;4944;24;;;;;4945;1;4951;24;;;4944.5;2.1796875
-1;16800;PEARLS;9996;2;9995;30;;;10002;5;10004;2;10005;30;9999.0;0.0
-1;16800;BANANAS;4944;32;;;;;4949;5;4950;2;4951;30;4946.5;-6.53125
-1;16900;PEARLS;9996;1;9995;23;;;10004;1;10005;23;;;10000.0;0.0
-1;16900;BANANAS;4944;24;;;;;4951;24;;;;;4947.5;-5.0625
-1;17000;BANANAS;4944;23;;;;;4951;23;;;;;4947.5;-6.0703125
-1;17000;PEARLS;9995;23;;;;;10005;23;;;;;10000.0;0.0
-1;17100;PEARLS;9998;6;9996;1;9995;30;10004;1;10005;30;;;10001.0;0.0
-1;17100;BANANAS;4945;6;4944;30;;;4951;31;;;;;4948.0;6.5546875
-1;17200;PEARLS;9998;6;9996;2;9995;24;10004;2;10005;24;;;10001.0;0.0
-1;17200;BANANAS;4946;6;4945;26;;;4951;2;4952;24;;;4948.5;11.3125
-1;17300;PEARLS;9995;28;;;;;9998;1;10002;3;10005;28;9996.5;0.0
-1;17300;BANANAS;4945;28;;;;;4947;2;4950;3;4952;28;4946.0;22.28125
-1;17400;BANANAS;4946;25;;;;;4952;1;4953;24;;;4949.0;28.890625
-1;17400;PEARLS;9996;1;9995;24;;;10004;1;10005;24;;;10000.0;0.0
-1;17500;PEARLS;9996;1;9995;23;;;10004;1;10005;23;;;10000.0;0.0
-1;17500;BANANAS;4951;11;4946;24;;;4953;24;;;;;4952.0;36.117188
-1;17600;PEARLS;9995;27;;;;;10005;27;;;;;10000.0;0.0
-1;17600;BANANAS;4945;27;;;;;4952;27;;;;;4948.5;19.0625
-1;17700;PEARLS;9996;1;9995;23;;;10004;1;10005;23;;;10000.0;0.0
-1;17700;BANANAS;4945;24;;;;;4951;1;4952;23;;;4948.0;12.7265625
-1;17800;BANANAS;4944;23;;;;;4951;23;;;;;4947.5;6.34375
-1;17800;PEARLS;9995;23;;;;;10005;23;;;;;10000.0;0.0
-1;17900;PEARLS;9998;8;9996;1;9995;29;10004;1;10005;29;;;10001.0;0.0
-1;17900;BANANAS;4945;9;4944;29;;;4951;30;;;;;4948.0;5.5
-1;18000;PEARLS;9998;7;9996;2;9995;26;10004;2;10005;26;;;10001.0;0.0
-1;18000;BANANAS;4945;9;4944;26;;;4951;28;;;;;4948.0;7.2109375
-1;18100;PEARLS;9995;21;;;;;10005;21;;;;;10000.0;0.0
-1;18100;BANANAS;4945;21;;;;;4952;21;;;;;4948.5;13.3828125
-1;18200;BANANAS;4950;1;4945;24;;;4952;24;;;;;4951.0;14.7578125
-1;18200;PEARLS;9996;1;9995;23;;;10004;1;10005;23;;;10000.0;0.0
-1;18300;PEARLS;9996;2;9995;27;;;10004;2;10005;27;;;10000.0;0.0
-1;18300;BANANAS;4944;29;;;;;4951;29;;;;;4947.5;-3.4140625
-1;18400;PEARLS;9996;1;9995;29;;;10004;1;10005;29;;;10000.0;0.0
-1;18400;BANANAS;4945;30;;;;;4951;1;4952;29;;;4948.0;9.5546875
-1;18500;PEARLS;9998;3;9996;2;9995;30;10004;2;10005;30;;;10001.0;0.0
-1;18500;BANANAS;4946;3;4945;32;;;4951;2;4952;30;;;4948.5;9.3203125
-1;18600;BANANAS;4945;31;;;;;4950;10;4951;1;4952;30;4947.5;11.7421875
-1;18600;PEARLS;9996;1;9995;30;;;10002;9;10004;1;10005;30;9999.0;0.0
-1;18700;BANANAS;4945;27;;;;;4951;2;4952;25;;;4948.0;8.953125
-1;18700;PEARLS;10002;9;9996;2;9995;25;10004;2;10005;25;;;10003.0;0.0
-1;18800;PEARLS;9996;2;9995;22;;;10004;2;10005;22;;;10000.0;0.0
-1;18800;BANANAS;4945;24;;;;;4952;24;;;;;4948.5;16.476562
-1;18900;BANANAS;4945;28;;;;;4952;28;;;;;4948.5;21.96875
-1;18900;PEARLS;9996;1;9995;27;;;10004;1;10005;27;;;10000.0;0.0
-1;19000;BANANAS;4945;24;;;;;4950;7;4952;25;;;4947.5;20.0
-1;19000;PEARLS;9995;25;;;;;10002;7;10005;25;;;9998.5;0.0
-1;19100;PEARLS;9996;1;9995;28;;;10000;5;10004;1;10005;28;9998.0;0.0
-1;19100;BANANAS;4945;29;;;;;4951;1;4952;28;;;4948.0;17.875
-1;19200;PEARLS;9996;1;9995;28;;;10002;7;10004;1;10005;28;9999.0;0.0
-1;19200;BANANAS;4945;29;;;;;4950;7;4952;29;;;4947.5;22.703125
-1;19300;PEARLS;9996;2;9995;30;;;10004;2;10005;30;;;10000.0;0.0
-1;19300;BANANAS;4945;32;;;;;4952;32;;;;;4948.5;27.6875
-1;19400;BANANAS;4946;21;;;;;4951;3;4952;1;4953;20;4948.5;36.78125
-1;19400;PEARLS;9996;1;9995;20;;;10002;3;10004;1;10005;20;9999.0;0.0
-1;19500;PEARLS;9996;2;9995;20;;;10004;2;10005;20;;;10000.0;0.0
-1;19500;BANANAS;4946;22;;;;;4952;2;4953;20;;;4949.0;35.070312
-1;19600;PEARLS;9996;2;9995;29;;;10004;2;10005;29;;;10000.0;0.0
-1;19600;BANANAS;4946;31;;;;;4952;2;4953;29;;;4949.0;37.421875
-1;19700;PEARLS;9996;1;9995;24;;;10002;2;10004;1;10005;24;9999.0;0.0
-1;19700;BANANAS;4946;25;;;;;4951;2;4952;1;4953;24;4948.5;37.039062
-1;19800;BANANAS;4946;20;;;;;4953;20;;;;;4949.5;38.59375
-1;19800;PEARLS;10002;4;9995;20;;;10005;20;;;;;10003.5;0.0
-1;19900;PEARLS;9996;1;9995;27;;;10004;1;10005;27;;;10000.0;0.0
-1;19900;BANANAS;4946;28;;;;;4952;1;4953;27;;;4949.0;35.8125
-1;20000;PEARLS;9996;1;9995;28;;;10002;4;10004;1;10005;28;9999.0;0.0
-1;20000;BANANAS;4946;29;;;;;4951;4;4953;29;;;4948.5;43.414062
-1;20100;PEARLS;9998;9;9996;2;9995;29;10004;2;10005;29;;;10001.0;0.0
-1;20100;BANANAS;4947;10;4946;31;;;4952;2;4953;29;;;4949.5;36.601562
-1;20200;BANANAS;4946;29;;;;;4953;29;;;;;4949.5;38.148438
-1;20200;PEARLS;9995;29;;;;;10005;29;;;;;10000.0;0.0
-1;20300;BANANAS;4946;2;4945;21;;;4952;23;;;;;4949.0;31.28125
-1;20300;PEARLS;9996;2;9995;21;;;10004;2;10005;21;;;10000.0;0.0
-1;20400;PEARLS;9995;24;;;;;10005;24;;;;;10000.0;0.0
-1;20400;BANANAS;4946;24;;;;;4953;24;;;;;4949.5;35.6875
-1;20500;BANANAS;4946;30;;;;;4953;30;;;;;4949.5;37.007812
-1;20500;PEARLS;9995;30;;;;;10005;30;;;;;10000.0;0.0
-1;20600;BANANAS;4947;23;;;;;4953;2;4954;21;;;4950.0;55.515625
-1;20600;PEARLS;9996;2;9995;21;;;10004;2;10005;21;;;10000.0;0.0
-1;20700;BANANAS;4947;31;;;;;4948;1;4951;6;4953;31;4947.5;55.0
-1;20700;PEARLS;9996;1;9995;30;;;10002;6;10004;1;10005;30;9999.0;0.0
-1;20800;PEARLS;9996;2;9995;23;;;10004;2;10005;23;;;10000.0;0.0
-1;20800;BANANAS;4953;1;4948;2;4947;23;4954;25;;;;;4953.5;69.30469
-1;20900;BANANAS;4947;24;;;;;4954;24;;;;;4950.5;67.22656
-1;20900;PEARLS;9996;1;9995;23;;;10004;1;10005;23;;;10000.0;0.0
-1;21000;BANANAS;4948;27;;;;;4949;3;4955;27;;;4948.5;72.765625
-1;21000;PEARLS;9995;27;;;;;10005;27;;;;;10000.0;0.0
-1;21100;BANANAS;4949;1;4948;30;;;4955;30;;;;;4952.0;77.40625
-1;21100;PEARLS;9998;1;9996;2;9995;28;10004;2;10005;28;;;10001.0;0.0
-1;21200;PEARLS;9995;23;;;;;10005;23;;;;;10000.0;0.0
-1;21200;BANANAS;4947;23;;;;;4954;23;;;;;4950.5;69.92969
-1;21300;BANANAS;4947;29;;;;;4948;1;4954;29;;;4947.5;71.234375
-1;21300;PEARLS;9995;29;;;;;10005;29;;;;;10000.0;0.0
-1;21400;BANANAS;4948;30;;;;;4955;30;;;;;4951.5;78.5625
-1;21400;PEARLS;9995;30;;;;;10005;30;;;;;10000.0;0.0
-1;21500;BANANAS;4952;4;4948;2;4947;22;4954;24;;;;;4953.0;70.99219
-1;21500;PEARLS;9996;2;9995;22;;;10004;2;10005;22;;;10000.0;0.0
-1;21600;PEARLS;10002;1;9995;29;;;10005;29;;;;;10003.5;0.0
-1;21600;BANANAS;4951;2;4948;29;;;4955;29;;;;;4953.0;80.14844
-1;21700;BANANAS;4948;1;4947;30;;;4952;10;4954;31;;;4950.0;70.546875
-1;21700;PEARLS;9996;1;9995;30;;;10002;10;10004;1;10005;30;9999.0;0.0
-1;21800;BANANAS;4949;5;4948;29;;;4954;1;4955;28;;;4951.5;73.89844
-1;21800;PEARLS;9998;6;9996;1;9995;28;10004;1;10005;28;;;10001.0;0.0
-1;21900;BANANAS;4948;2;4947;28;;;4954;30;;;;;4951.0;68.5625
-1;21900;PEARLS;9996;2;9995;28;;;10004;2;10005;28;;;10000.0;0.0
-1;22000;PEARLS;9996;1;9995;23;;;10000;2;10004;1;10005;23;9998.0;0.0
-1;22000;BANANAS;4947;24;;;;;4948;1;4954;24;;;4947.5;63.421875
-1;22100;BANANAS;4948;1;4947;23;;;4954;25;;;;;4951.0;68.72656
-1;22100;PEARLS;9996;2;9995;23;;;10004;2;10005;23;;;10000.0;0.0
-1;22200;BANANAS;4948;28;;;;;4953;4;4954;1;4955;27;4950.5;74.96875
-1;22200;PEARLS;9996;1;9995;27;;;10002;4;10004;1;10005;27;9999.0;0.0
-1;22300;BANANAS;4948;30;;;;;4955;30;;;;;4951.5;79.41406
-1;22300;PEARLS;9996;1;9995;29;;;10004;1;10005;29;;;10000.0;0.0
-1;22400;PEARLS;10002;2;9996;2;9995;24;10004;2;10005;24;;;10003.0;0.0
-1;22400;BANANAS;4948;26;;;;;4955;26;;;;;4951.5;77.32031
-1;22500;BANANAS;4948;27;;;;;4955;27;;;;;4951.5;80.640625
-1;22500;PEARLS;10002;6;9995;27;;;10005;27;;;;;10003.5;0.0
-1;22600;BANANAS;4948;27;;;;;4953;9;4955;27;;;4950.5;79.64844
-1;22600;PEARLS;9996;1;9995;26;;;10002;9;10004;1;10005;26;9999.0;0.0
-1;22700;BANANAS;4948;28;;;;;4955;28;;;;;4951.5;86.0625
-1;22700;PEARLS;9995;28;;;;;10005;28;;;;;10000.0;0.0
-1;22800;PEARLS;9996;1;9995;29;;;9998;3;10004;1;10005;29;9997.0;0.0
-1;22800;BANANAS;4948;30;;;;;4954;1;4955;29;;;4951.0;73.83594
-1;22900;BANANAS;4948;26;;;;;4954;2;4955;24;;;4951.0;75.34375
-1;22900;PEARLS;9996;2;9995;24;;;9998;1;10004;2;10005;24;9997.0;0.0
-1;23000;BANANAS;4949;3;4948;26;;;4955;26;;;;;4952.0;83.47656
-1;23000;PEARLS;9998;3;9996;2;9995;24;10004;2;10005;24;;;10001.0;0.0
-1;23100;BANANAS;4948;24;;;;;4953;10;4955;24;;;4950.5;80.97656
-1;23100;PEARLS;9996;1;9995;23;;;10002;10;10004;1;10005;23;9999.0;0.0
-1;23200;BANANAS;4948;26;;;;;4953;10;4955;26;;;4950.5;77.828125
-1;23200;PEARLS;9995;26;;;;;9998;1;10002;10;10005;26;9996.5;0.0
-1;23300;PEARLS;9995;22;;;;;10005;22;;;;;10000.0;0.0
-1;23300;BANANAS;4947;22;;;;;4954;22;;;;;4950.5;71.16406
-1;23400;BANANAS;4949;6;4948;21;;;4954;21;;;;;4951.5;71.671875
-1;23400;PEARLS;9998;6;9995;21;;;10005;21;;;;;10001.5;0.0
-1;23500;BANANAS;4950;2;4948;2;4947;26;4954;28;;;;;4952.0;69.421875
-1;23500;PEARLS;9996;2;9995;26;;;10004;2;10005;26;;;10000.0;0.0
-1;23600;PEARLS;9995;21;;;;;10002;6;10005;21;;;9998.5;0.0
-1;23600;BANANAS;4952;3;4948;21;;;4953;6;4955;21;;;4952.5;74.67969
-1;23700;PEARLS;9995;24;;;;;10005;24;;;;;10000.0;0.0
-1;23700;BANANAS;4947;24;;;;;4954;24;;;;;4950.5;67.046875
-1;23800;PEARLS;9996;2;9995;21;;;10004;2;10005;21;;;10000.0;0.0
-1;23800;BANANAS;4948;2;4947;21;;;4954;23;;;;;4951.0;69.078125
-1;23900;BANANAS;4953;1;4947;20;;;4954;20;;;;;4953.5;64.828125
-1;23900;PEARLS;9995;20;;;;;10005;20;;;;;10000.0;0.0
-1;24000;PEARLS;9996;1;9995;22;;;10002;6;10004;1;10005;22;9999.0;0.0
-1;24000;BANANAS;4947;23;;;;;4951;6;4953;23;;;4949.0;54.96875
-1;24100;PEARLS;9996;2;9995;24;;;10004;2;10005;24;;;10000.0;0.0
-1;24100;BANANAS;4946;26;;;;;4953;26;;;;;4949.5;47.664062
-1;24200;PEARLS;9998;4;9996;2;9995;25;10004;2;10005;25;;;10001.0;0.0
-1;24200;BANANAS;4951;1;4946;7;4945;25;4952;27;;;;;4951.5;35.398438
-1;24300;BANANAS;4945;2;4944;21;;;4951;23;;;;;4948.0;19.492188
-1;24300;PEARLS;10002;6;9996;2;9995;21;10004;2;10005;21;;;10003.0;0.0
-1;24400;PEARLS;9995;25;;;;;10005;25;;;;;10000.0;0.0
-1;24400;BANANAS;4944;25;;;;;4951;25;;;;;4947.5;14.375
-1;24500;PEARLS;9995;21;;;;;9998;2;10002;7;10005;21;9996.5;0.0
-1;24500;BANANAS;4949;4;4945;21;;;4950;7;4952;21;;;4949.5;28.375
-1;24600;PEARLS;9996;1;9995;26;;;10004;1;10005;26;;;10000.0;0.0
-1;24600;BANANAS;4945;27;;;;;4951;1;4952;26;;;4948.0;22.867188
-1;24700;PEARLS;9996;2;9995;20;;;10004;2;10005;20;;;10000.0;0.0
-1;24700;BANANAS;4945;22;;;;;4951;2;4952;20;;;4948.0;24.53125
-1;24800;BANANAS;4945;28;;;;;4951;28;;;;;4948.0;21.367188
-1;24800;PEARLS;9996;2;9995;26;;;10004;2;10005;26;;;10000.0;0.0
-1;24900;PEARLS;9998;5;9996;2;9995;28;10004;2;10005;28;;;10001.0;0.0
-1;24900;BANANAS;4945;5;4944;30;;;4951;30;;;;;4948.0;12.9375
-1;25000;PEARLS;9996;1;9995;26;;;10002;1;10004;1;10005;26;9999.0;0.0
-1;25000;BANANAS;4944;27;;;;;4949;1;4951;27;;;4946.5;14.8984375
-1;25100;PEARLS;9995;23;;;;;10005;23;;;;;10000.0;0.0
-1;25100;BANANAS;4946;6;4944;23;;;4950;23;;;;;4948.0;3.8984375
-1;25200;BANANAS;4944;25;;;;;4951;26;;;;;4947.5;10.875
-1;25200;PEARLS;9996;2;9995;24;;;10004;2;10005;24;;;10000.0;0.0
-1;25300;PEARLS;9996;2;9995;24;;;10002;1;10004;2;10005;24;9999.0;0.0
-1;25300;BANANAS;4944;26;;;;;4948;1;4950;26;;;4946.0;4.15625
-1;25400;PEARLS;9998;2;9996;2;9995;30;10004;2;10005;30;;;10001.0;0.0
-1;25400;BANANAS;4945;2;4944;32;;;4951;32;;;;;4948.0;15.3671875
-1;25500;PEARLS;9998;3;9996;2;9995;23;10004;2;10005;23;;;10001.0;0.0
-1;25500;BANANAS;4946;3;4945;25;;;4951;25;;;;;4948.5;21.125
-1;25600;BANANAS;4950;1;4945;31;;;4951;1;4952;30;;;4950.5;22.726562
-1;25600;PEARLS;9996;1;9995;30;;;10004;1;10005;30;;;10000.0;0.0
-1;25700;PEARLS;9996;1;9995;22;;;10004;1;10005;22;;;10000.0;0.0
-1;25700;BANANAS;4945;23;;;;;4951;1;4952;22;;;4948.0;21.882812
-1;25800;PEARLS;9996;1;9995;27;;;10004;1;10005;27;;;10000.0;0.0
-1;25800;BANANAS;4945;1;4944;27;;;4951;28;;;;;4948.0;19.84375
-1;25900;PEARLS;9995;28;;;;;10005;28;;;;;10000.0;0.0
-1;25900;BANANAS;4944;28;;;;;4951;28;;;;;4947.5;18.445312
-1;26000;BANANAS;4945;24;;;;;4949;7;4951;24;;;4947.0;20.523438
-1;26000;PEARLS;9995;24;;;;;10002;7;10005;24;;;9998.5;0.0
-1;26100;PEARLS;9995;25;;;;;10002;7;10005;25;;;9998.5;0.0
-1;26100;BANANAS;4945;25;;;;;4950;7;4952;25;;;4947.5;24.40625
-1;26200;PEARLS;9996;1;9995;25;;;10004;1;10005;25;;;10000.0;0.0
-1;26200;BANANAS;4945;26;;;;;4952;26;;;;;4948.5;25.789062
-1;26300;PEARLS;9995;24;;;;;10005;24;;;;;10000.0;0.0
-1;26300;BANANAS;4945;24;;;;;4952;24;;;;;4948.5;23.335938
-1;26400;BANANAS;4945;28;;;;;4952;29;;;;;4948.5;25.328125
-1;26400;PEARLS;10002;3;9995;29;;;10005;29;;;;;10003.5;0.0
-1;26500;PEARLS;9996;1;9995;23;;;10002;4;10004;1;10005;23;9999.0;0.0
-1;26500;BANANAS;4945;24;;;;;4949;3;4951;24;;;4947.0;21.0
-1;26600;PEARLS;10002;3;9998;1;9996;1;10004;1;10005;21;;;10003.0;0.0
-1;26600;BANANAS;4946;1;4945;22;;;4952;22;;;;;4949.0;28.4375
-1;26700;PEARLS;9995;24;;;;;10000;6;10005;24;;;9997.5;0.0
-1;26700;BANANAS;4945;24;;;;;4952;24;;;;;4948.5;24.078125
-1;26800;BANANAS;4945;24;;;;;4952;24;;;;;4948.5;29.710938
-1;26800;PEARLS;9995;24;;;;;10005;24;;;;;10000.0;0.0
-1;26900;PEARLS;9995;27;;;;;9998;1;10002;5;10005;27;9996.5;0.0
-1;26900;BANANAS;4945;27;;;;;4950;5;4952;27;;;4947.5;25.890625
-1;27000;PEARLS;9996;1;9995;30;;;10002;7;10004;1;10005;30;9999.0;0.0
-1;27000;BANANAS;4945;31;;;;;4950;7;4952;31;;;4947.5;29.460938
-1;27100;PEARLS;9996;2;9995;22;;;10002;7;10004;2;10005;22;9999.0;0.0
-1;27100;BANANAS;4945;24;;;;;4950;7;4952;24;;;4947.5;30.195312
-1;27200;BANANAS;4950;3;4946;2;4945;31;4952;31;;;;;4951.0;32.476562
-1;27200;PEARLS;9998;2;9996;2;9995;29;10004;2;10005;29;;;10001.0;0.0
-1;27300;PEARLS;10000;5;9996;2;9995;25;10004;2;10005;25;;;10002.0;0.0
-1;27300;BANANAS;4946;27;;;;;4952;2;4953;25;;;4949.0;39.625
-1;27400;PEARLS;9996;1;9995;24;;;10004;1;10005;24;;;10000.0;0.0
-1;27400;BANANAS;4946;25;;;;;4952;25;;;;;4949.0;37.8125
-1;27500;BANANAS;4945;26;;;;;4947;1;4950;10;4952;26;4946.0;32.90625
-1;27500;PEARLS;9996;2;9995;24;;;10002;10;10004;2;10005;24;9999.0;0.0
-1;27600;BANANAS;4945;23;;;;;4952;23;;;;;4948.5;32.648438
-1;27600;PEARLS;9996;1;9995;22;;;9998;1;10004;1;10005;22;9997.0;0.0
-1;27700;BANANAS;4946;26;;;;;4952;2;4953;24;;;4949.0;40.46875
-1;27700;PEARLS;9996;2;9995;24;;;10004;2;10005;24;;;10000.0;0.0
-1;27800;PEARLS;9995;28;;;;;10005;28;;;;;10000.0;0.0
-1;27800;BANANAS;4947;28;;;;;4953;28;;;;;4950.0;60.921875
-1;27900;PEARLS;9996;1;9995;25;;;9998;4;10004;1;10005;25;9997.0;0.0
-1;27900;BANANAS;4947;1;4946;25;;;4953;26;;;;;4950.0;58.5
-1;28000;BANANAS;4946;24;;;;;4951;9;4953;24;;;4948.5;47.734375
-1;28000;PEARLS;9995;24;;;;;10002;9;10005;24;;;9998.5;0.0
-1;28100;PEARLS;9995;22;;;;;10005;22;;;;;10000.0;0.0
-1;28100;BANANAS;4945;22;;;;;4952;22;;;;;4948.5;43.03125
-1;28200;PEARLS;9996;1;9995;29;;;10004;1;10005;29;;;10000.0;0.0
-1;28200;BANANAS;4946;30;;;;;4952;1;4953;29;;;4949.0;48.679688
-1;28300;PEARLS;9996;1;9995;23;;;10002;7;10004;1;10005;23;9999.0;0.0
-1;28300;BANANAS;4946;24;;;;;4951;7;4953;24;;;4948.5;52.460938
-1;28400;BANANAS;4947;21;;;;;4951;9;4953;21;;;4949.0;60.96875
-1;28400;PEARLS;9995;21;;;;;10002;9;10005;21;;;9998.5;0.0
-1;28500;PEARLS;9996;1;9995;30;;;10004;1;10005;30;;;10000.0;0.0
-1;28500;BANANAS;4952;1;4947;31;;;4954;31;;;;;4953.0;66.140625
-1;28600;PEARLS;9998;7;9996;2;9995;29;10004;2;10005;29;;;10001.0;0.0
-1;28600;BANANAS;4949;6;4948;31;;;4954;2;4955;29;;;4951.5;76.78125
-1;28700;PEARLS;9996;1;9995;24;;;10004;1;10005;24;;;10000.0;0.0
-1;28700;BANANAS;4948;25;;;;;4955;25;;;;;4951.5;83.125
-1;28800;BANANAS;4949;2;4948;20;;;4955;22;;;;;4952.0;86.96094
-1;28800;PEARLS;9996;2;9995;20;;;10004;2;10005;20;;;10000.0;0.0
-1;28900;PEARLS;9995;22;;;;;10005;22;;;;;10000.0;0.0
-1;28900;BANANAS;4949;22;;;;;4956;22;;;;;4952.5;98.44531
-1;29000;PEARLS;9995;24;;;;;10005;24;;;;;10000.0;0.0
-1;29000;BANANAS;4949;24;;;;;4956;24;;;;;4952.5;101.17969
-1;29100;BANANAS;4951;9;4950;31;;;4956;31;;;;;4953.5;105.90625
-1;29100;PEARLS;9998;9;9996;2;9995;29;10004;2;10005;29;;;10001.0;0.0
-1;29200;BANANAS;4950;20;;;;;4955;4;4957;20;;;4952.5;112.03516
-1;29200;PEARLS;9995;20;;;;;10002;3;10005;20;;;9998.5;0.0
-1;29300;BANANAS;4950;24;;;;;4956;25;;;;;4953.0;105.875
-1;29300;PEARLS;9995;25;;;;;10005;25;;;;;10000.0;0.0
-1;29400;PEARLS;9996;1;9995;23;;;10004;1;10005;23;;;10000.0;0.0
-1;29400;BANANAS;4954;4;4950;1;4949;23;4956;24;;;;;4955.0;103.28906
-1;29500;BANANAS;4949;24;;;;;4956;24;;;;;4952.5;100.70703
-1;29500;PEARLS;10002;1;9996;2;9995;22;10004;2;10005;22;;;10003.0;0.0
-1;29600;BANANAS;4949;20;;;;;4956;20;;;;;4952.5;102.828125
-1;29600;PEARLS;9995;20;;;;;9998;1;10005;20;;;9996.5;0.0
-1;29700;BANANAS;4950;1;4949;26;;;4956;27;;;;;4953.0;104.32422
-1;29700;PEARLS;9996;1;9995;26;;;10004;1;10005;26;;;10000.0;0.0
-1;29800;PEARLS;9998;7;9996;1;9995;29;10004;1;10005;29;;;10001.0;0.0
-1;29800;BANANAS;4950;7;4949;30;;;4956;30;;;;;4953.0;96.69531
-1;29900;BANANAS;4950;9;4949;26;;;4956;27;;;;;4953.0;103.44922
-1;29900;PEARLS;9998;8;9996;1;9995;26;10000;2;10004;1;10005;26;9999.0;0.0
-1;30000;BANANAS;4950;21;;;;;4955;6;4956;1;4957;20;4952.5;106.80469
-1;30000;PEARLS;9996;1;9995;20;;;10002;7;10004;1;10005;20;9999.0;0.0
-1;30100;BANANAS;4949;22;;;;;4956;22;;;;;4952.5;94.28125
-1;30100;PEARLS;9995;22;;;;;10000;5;10005;22;;;9997.5;0.0
-1;30200;PEARLS;9996;2;9995;22;;;10004;2;10005;22;;;10000.0;0.0
-1;30200;BANANAS;4949;24;;;;;4952;2;4956;24;;;4950.5;97.15234
-1;30300;BANANAS;4949;2;4948;28;;;4953;7;4955;30;;;4951.0;92.23828
-1;30300;PEARLS;9996;2;9995;28;;;10002;7;10004;2;10005;28;9999.0;0.0
-1;30400;BANANAS;4948;23;;;;;4955;23;;;;;4951.5;85.953125
-1;30400;PEARLS;9996;2;9995;21;;;10004;2;10005;21;;;10000.0;0.0
-1;30500;BANANAS;4948;29;;;;;4954;1;4955;28;;;4951.0;80.90625
-1;30500;PEARLS;9996;1;9995;28;;;10004;1;10005;28;;;10000.0;0.0
-1;30600;PEARLS;9995;30;;;;;10005;30;;;;;10000.0;0.0
-1;30600;BANANAS;4948;30;;;;;4955;30;;;;;4951.5;91.21484
-1;30700;BANANAS;4953;3;4948;23;;;4955;23;;;;;4954.0;94.42969
-1;30700;PEARLS;9996;1;9995;22;;;10004;1;10005;22;;;10000.0;0.0
-1;30800;BANANAS;4948;29;;;;;4955;29;;;;;4951.5;97.78125
-1;30800;PEARLS;9995;29;;;;;10005;29;;;;;10000.0;0.0
-1;30900;BANANAS;4950;2;4949;23;;;4955;23;;;;;4952.5;99.08984
-1;30900;PEARLS;9998;2;9995;23;;;10005;23;;;;;10001.5;0.0
-1;31000;PEARLS;9995;20;;;;;10005;20;;;;;10000.0;0.0
-1;31000;BANANAS;4950;20;;;;;4956;20;;;;;4953.0;109.8125
-1;31100;BANANAS;4950;22;;;;;4956;1;4957;21;;;4953.0;111.41797
-1;31100;PEARLS;9996;1;9995;21;;;10004;1;10005;21;;;10000.0;0.0
-1;31200;BANANAS;4950;1;4949;27;;;4956;29;;;;;4953.0;109.04297
-1;31200;PEARLS;9996;2;9995;27;;;10004;2;10005;27;;;10000.0;0.0
-1;31300;BANANAS;4950;30;;;;;4957;30;;;;;4953.5;113.36719
-1;31300;PEARLS;9995;30;;;;;10005;30;;;;;10000.0;0.0
-1;31400;PEARLS;9996;2;9995;30;;;10004;2;10005;30;;;10000.0;0.0
-1;31400;BANANAS;4951;2;4950;30;;;4957;32;;;;;4954.0;120.46094
-1;31500;BANANAS;4951;22;;;;;4958;23;;;;;4954.5;121.34375
-1;31500;PEARLS;9995;23;;;;;10005;23;;;;;10000.0;0.0
-1;31600;BANANAS;4952;2;4951;32;;;4958;32;;;;;4955.0;125.921875
-1;31600;PEARLS;9998;2;9996;2;9995;30;10004;2;10005;30;;;10001.0;0.0
-1;31700;BANANAS;4951;29;;;;;4956;2;4958;29;;;4953.5;122.03125
-1;31700;PEARLS;9995;29;;;;;9998;4;10002;2;10005;29;9996.5;0.0
-1;31800;PEARLS;9995;21;;;;;10005;21;;;;;10000.0;0.0
-1;31800;BANANAS;4950;21;;;;;4957;21;;;;;4953.5;118.96875
-1;31900;BANANAS;4952;9;4951;29;;;4957;2;4958;27;;;4954.5;123.3125
-1;31900;PEARLS;9998;9;9996;2;9995;27;10004;2;10005;27;;;10001.0;0.0
-1;32000;BANANAS;4951;30;;;;;4957;1;4958;29;;;4954.0;123.34375
-1;32000;PEARLS;9996;1;9995;29;;;10000;3;10004;1;10005;29;9998.0;0.0
-1;32100;BANANAS;4951;31;;;;;4957;1;4958;30;;;4954.0;125.703125
-1;32100;PEARLS;9996;1;9995;30;;;10004;1;10005;30;;;10000.0;0.0
-1;32200;BANANAS;4951;26;;;;;4956;6;4957;1;4958;25;4953.5;123.62891
-1;32200;PEARLS;9996;1;9995;25;;;10002;7;10004;1;10005;25;9999.0;0.0
-1;32300;PEARLS;9996;1;9995;25;;;10002;6;10004;1;10005;25;9999.0;0.0
-1;32300;BANANAS;4950;26;;;;;4955;7;4957;26;;;4952.5;120.07031
-1;32400;PEARLS;9996;2;9995;27;;;10002;1;10004;2;10005;27;9999.0;0.0
-1;32400;BANANAS;4950;29;;;;;4951;1;4955;1;4957;29;4950.5;118.41406
-1;32500;BANANAS;4955;1;4950;25;;;4957;25;;;;;4956.0;116.63281
-1;32500;PEARLS;9996;2;9995;23;;;10004;2;10005;23;;;10000.0;0.0
-1;32600;PEARLS;9995;30;;;;;10005;30;;;;;10000.0;0.0
-1;32600;BANANAS;4950;30;;;;;4957;30;;;;;4953.5;115.46875
-1;32700;PEARLS;10002;1;9996;1;9995;26;10004;1;10005;26;;;10003.0;0.0
-1;32700;BANANAS;4950;27;;;;;4956;1;4957;26;;;4953.0;113.83984
-1;32800;PEARLS;9995;23;;;;;10005;23;;;;;10000.0;0.0
-1;32800;BANANAS;4949;23;;;;;4956;23;;;;;4952.5;111.0
-1;32900;BANANAS;4950;24;;;;;4954;1;4956;24;;;4952.0;112.85156
-1;32900;PEARLS;9996;1;9995;23;;;10002;1;10004;1;10005;23;9999.0;0.0
-1;33000;PEARLS;10002;1;9996;1;9995;27;10004;1;10005;27;;;10003.0;0.0
-1;33000;BANANAS;4949;28;;;;;4956;28;;;;;4952.5;109.22656
-1;33100;PEARLS;9995;24;;;;;10005;24;;;;;10000.0;0.0
-1;33100;BANANAS;4948;24;;;;;4955;24;;;;;4951.5;99.125
-1;33200;PEARLS;9995;25;;;;;10002;9;10005;25;;;9998.5;0.0
-1;33200;BANANAS;4948;25;;;;;4953;9;4955;25;;;4950.5;99.46875
-1;33300;BANANAS;4949;26;;;;;4954;7;4955;2;4956;24;4951.5;104.53906
-1;33300;PEARLS;9996;2;9995;24;;;10002;7;10004;2;10005;24;9999.0;0.0
-1;33400;PEARLS;9995;27;;;;;10005;27;;;;;10000.0;0.0
-1;33400;BANANAS;4949;27;;;;;4956;27;;;;;4952.5;108.23047
-1;33500;PEARLS;9998;10;9995;25;;;10005;25;;;;;10001.5;0.0
-1;33500;BANANAS;4950;10;4949;25;;;4956;25;;;;;4953.0;111.203125
-1;33600;PEARLS;9995;27;;;;;10005;27;;;;;10000.0;0.0
-1;33600;BANANAS;4949;27;;;;;4950;1;4956;27;;;4949.5;109.28516
-1;33700;PEARLS;9998;7;9996;1;9995;22;10004;1;10005;22;;;10001.0;0.0
-1;33700;BANANAS;4950;1;4949;23;;;4955;1;4956;22;;;4952.5;105.11719
-1;33800;BANANAS;4948;26;;;;;4955;26;;;;;4951.5;99.03125
-1;33800;PEARLS;10002;1;9995;26;;;10005;26;;;;;10003.5;0.0
-1;33900;PEARLS;9995;24;;;;;10005;24;;;;;10000.0;0.0
-1;33900;BANANAS;4948;24;;;;;4955;24;;;;;4951.5;98.859375
-1;34000;PEARLS;10002;1;9996;1;9995;24;10004;1;10005;24;;;10003.0;0.0
-1;34000;BANANAS;4953;1;4948;25;;;4955;25;;;;;4954.0;105.19922
-1;34100;PEARLS;9996;1;9995;26;;;10004;1;10005;26;;;10000.0;0.0
-1;34100;BANANAS;4948;26;;;;;4949;7;4955;27;;;4948.5;108.19531
-1;34200;BANANAS;4949;27;;;;;4956;27;;;;;4952.5;112.8125
-1;34200;PEARLS;9996;1;9995;26;;;10004;1;10005;26;;;10000.0;0.0
-1;34300;PEARLS;9996;2;9995;20;;;10004;2;10005;20;;;10000.0;0.0
-1;34300;BANANAS;4949;21;;;;;4955;22;;;;;4952.0;108.77344
-1;34400;PEARLS;9996;2;9995;23;;;10004;2;10005;23;;;10000.0;0.0
-1;34400;BANANAS;4949;1;4948;23;;;4955;25;;;;;4952.0;107.65625
-1;34500;PEARLS;9995;25;;;;;10002;2;10005;25;;;9998.5;0.0
-1;34500;BANANAS;4948;25;;;;;4953;2;4955;25;;;4950.5;105.265625
-1;34600;BANANAS;4948;22;;;;;4955;22;;;;;4951.5;106.42969
-1;34600;PEARLS;9995;22;;;;;10005;22;;;;;10000.0;0.0
-1;34700;PEARLS;9995;29;;;;;9998;5;10005;29;;;9996.5;0.0
-1;34700;BANANAS;4948;29;;;;;4955;29;;;;;4951.5;107.84766
-1;34800;PEARLS;10002;1;10000;2;9995;24;10005;24;;;;;10003.5;0.0
-1;34800;BANANAS;4948;24;;;;;4951;6;4955;24;;;4949.5;107.30469
-1;34900;PEARLS;9996;2;9995;22;;;10004;2;10005;22;;;10000.0;0.0
-1;34900;BANANAS;4949;23;;;;;4955;2;4956;22;;;4952.0;109.52734
-1;35000;BANANAS;4949;2;4948;20;;;4953;10;4955;22;;;4951.0;107.22266
-1;35000;PEARLS;9996;2;9995;20;;;10002;10;10004;2;10005;20;9999.0;0.0
-1;35100;PEARLS;9996;1;9995;25;;;10004;1;10005;25;;;10000.0;0.0
-1;35100;BANANAS;4949;26;;;;;4956;26;;;;;4952.5;111.78125
-1;35200;PEARLS;9995;24;;;;;10005;24;;;;;10000.0;0.0
-1;35200;BANANAS;4949;24;;;;;4950;1;4956;24;;;4949.5;114.74609
-1;35300;PEARLS;9998;9;9995;24;;;10005;24;;;;;10001.5;0.0
-1;35300;BANANAS;4951;9;4950;24;;;4957;24;;;;;4954.0;118.640625
-1;35400;BANANAS;4950;22;;;;;4957;22;;;;;4953.5;122.41406
-1;35400;PEARLS;9995;22;;;;;10005;22;;;;;10000.0;0.0
-1;35500;PEARLS;10002;5;9995;25;;;10005;25;;;;;10003.5;0.0
-1;35500;BANANAS;4950;25;;;;;4951;1;4957;25;;;4950.5;122.49219
-1;35600;PEARLS;9998;10;9996;1;9995;26;10004;1;10005;26;;;10001.0;0.0
-1;35600;BANANAS;4950;10;4949;26;;;4956;27;;;;;4953.0;115.37109
-1;35700;PEARLS;10002;1;9996;1;9995;26;10004;1;10005;26;;;10003.0;0.0
-1;35700;BANANAS;4950;27;;;;;4955;1;4957;27;;;4952.5;122.47656
-1;35800;BANANAS;4950;30;;;;;4956;2;4957;28;;;4953.0;118.38672
-1;35800;PEARLS;9996;2;9995;28;;;10004;2;10005;28;;;10000.0;0.0
-1;35900;PEARLS;9996;1;9995;29;;;10002;3;10004;1;10005;29;9999.0;0.0
-1;35900;BANANAS;4950;1;4949;29;;;4951;4;4954;3;4956;30;4950.5;116.671875
-1;36000;PEARLS;9995;28;;;;;9998;1;10005;28;;;9996.5;0.0
-1;36000;BANANAS;4950;28;;;;;4957;28;;;;;4953.5;121.58203
-1;36100;PEARLS;9995;26;;;;;9998;4;10005;26;;;9996.5;0.0
-1;36100;BANANAS;4950;26;;;;;4957;26;;;;;4953.5;122.11719
-1;36200;BANANAS;4950;30;;;;;4955;3;4957;30;;;4952.5;122.62891
-1;36200;PEARLS;9996;1;9995;29;;;10002;3;10004;1;10005;29;9999.0;0.0
-1;36300;PEARLS;9995;22;;;;;9998;1;10005;22;;;9996.5;0.0
-1;36300;BANANAS;4951;21;;;;;4958;22;;;;;4954.5;126.45703
-1;36400;PEARLS;9996;1;9995;27;;;10002;5;10004;1;10005;27;9999.0;0.0
-1;36400;BANANAS;4950;28;;;;;4955;5;4957;28;;;4952.5;120.43359
-1;36500;BANANAS;4951;1;4950;26;;;4955;10;4957;27;;;4953.0;122.95703
-1;36500;PEARLS;9996;1;9995;26;;;10002;10;10004;1;10005;26;9999.0;0.0
-1;36600;BANANAS;4951;1;4950;21;;;4957;21;;;;;4954.0;117.58594
-1;36600;PEARLS;10002;4;9998;1;9995;21;10005;21;;;;;10003.5;0.0
-1;36700;BANANAS;4954;11;4949;30;;;4956;30;;;;;4955.0;116.41406
-1;36700;PEARLS;10002;1;9995;30;;;10005;30;;;;;10003.5;0.0
-1;36800;PEARLS;10002;1;9996;1;9995;26;10004;1;10005;26;;;10003.0;0.0
-1;36800;BANANAS;4950;27;;;;;4953;2;4957;27;;;4951.5;120.97266
-1;36900;PEARLS;9996;2;9995;29;;;10002;3;10004;2;10005;29;9999.0;0.0
-1;36900;BANANAS;4950;31;;;;;4955;3;4957;31;;;4952.5;122.265625
-1;37000;BANANAS;4953;2;4951;4;4950;23;4957;23;;;;;4955.0;123.36719
-1;37000;PEARLS;9998;4;9995;23;;;10005;23;;;;;10001.5;0.0
-1;37100;PEARLS;9996;1;9995;23;;;10004;1;10005;23;;;10000.0;0.0
-1;37100;BANANAS;4955;1;4950;24;;;4957;24;;;;;4956.0;119.53906
-1;37200;PEARLS;9998;2;9995;22;;;10005;22;;;;;10001.5;0.0
-1;37200;BANANAS;4951;3;4950;22;;;4957;22;;;;;4954.0;120.24219
-1;37300;PEARLS;10002;5;9995;27;;;10005;27;;;;;10003.5;0.0
-1;37300;BANANAS;4950;27;;;;;4955;7;4957;27;;;4952.5;118.01172
-1;37400;BANANAS;4950;1;4949;22;;;4956;23;;;;;4953.0;115.91797
-1;37400;PEARLS;9996;1;9995;22;;;10004;1;10005;22;;;10000.0;0.0
-1;37500;PEARLS;10002;1;9998;2;9995;29;10005;29;;;;;10003.5;0.0
-1;37500;BANANAS;4955;1;4951;2;4950;29;4957;29;;;;;4956.0;119.578125
-1;37600;PEARLS;9996;2;9995;24;;;10004;2;10005;24;;;10000.0;0.0
-1;37600;BANANAS;4950;26;;;;;4957;26;;;;;4953.5;119.26953
-1;37700;PEARLS;9996;1;9995;28;;;10004;1;10005;28;;;10000.0;0.0
-1;37700;BANANAS;4955;1;4950;29;;;4957;29;;;;;4956.0;120.609375
-1;37800;BANANAS;4950;29;;;;;4957;29;;;;;4953.5;119.26172
-1;37800;PEARLS;9996;2;9995;27;;;10004;2;10005;27;;;10000.0;0.0
-1;37900;BANANAS;4950;29;;;;;4952;2;4957;29;;;4951.0;122.30859
-1;37900;PEARLS;9996;2;9995;27;;;10000;3;10004;2;10005;27;9998.0;0.0
-1;38000;PEARLS;9995;25;;;;;10002;5;10005;25;;;9998.5;0.0
-1;38000;BANANAS;4950;25;;;;;4954;5;4956;25;;;4952.0;117.14844
-1;38100;BANANAS;4949;28;;;;;4950;1;4956;28;;;4949.5;113.203125
-1;38100;PEARLS;9995;28;;;;;10005;28;;;;;10000.0;0.0
-1;38200;BANANAS;4950;5;4949;23;;;4956;23;;;;;4953.0;112.42578
-1;38200;PEARLS;9995;23;;;;;9998;2;10005;23;;;9996.5;0.0
-1;38300;BANANAS;4949;1;4948;26;;;4955;27;;;;;4952.0;107.30078
-1;38300;PEARLS;9996;1;9995;26;;;10004;1;10005;26;;;10000.0;0.0
-1;38400;PEARLS;10002;1;9995;21;;;10005;21;;;;;10003.5;0.0
-1;38400;BANANAS;4948;21;;;;;4949;1;4955;21;;;4948.5;107.92969
-1;38500;BANANAS;4954;1;4949;25;;;4955;2;4956;23;;;4954.5;109.3125
-1;38500;PEARLS;10002;1;9996;2;9995;23;10004;2;10005;23;;;10003.0;0.0
-1;38600;BANANAS;4948;27;;;;;4955;27;;;;;4951.5;108.64453
-1;38600;PEARLS;10002;5;9995;27;;;10005;27;;;;;10003.5;0.0
-1;38700;BANANAS;4949;30;;;;;4955;1;4956;29;;;4952.0;109.609375
-1;38700;PEARLS;9996;1;9995;29;;;10004;1;10005;29;;;10000.0;0.0
-1;38800;PEARLS;9995;27;;;;;10005;27;;;;;10000.0;0.0
-1;38800;BANANAS;4949;27;;;;;4956;27;;;;;4952.5;109.78516
-1;38900;BANANAS;4950;26;;;;;4955;4;4956;1;4957;25;4952.5;117.28906
-1;38900;PEARLS;9996;1;9995;25;;;10004;1;10005;25;;;10000.0;0.0
-1;39000;BANANAS;4950;29;;;;;4957;29;;;;;4953.5;119.15234
-1;39000;PEARLS;9995;29;;;;;10005;29;;;;;10000.0;0.0
-1;39100;BANANAS;4949;30;;;;;4954;10;4956;30;;;4951.5;114.11719
-1;39100;PEARLS;9996;1;9995;29;;;10002;10;10004;1;10005;29;9999.0;0.0
-1;39200;PEARLS;9995;24;;;;;10005;24;;;;;10000.0;0.0
-1;39200;BANANAS;4955;1;4949;24;;;4956;24;;;;;4955.5;116.43359
-1;39300;BANANAS;4950;3;4949;27;;;4956;27;;;;;4953.0;111.62891
-1;39300;PEARLS;9998;3;9996;1;9995;26;10004;1;10005;26;;;10001.0;0.0
-1;39400;BANANAS;4950;2;4949;27;;;4956;29;;;;;4953.0;115.796875
-1;39400;PEARLS;9996;2;9995;27;;;10004;2;10005;27;;;10000.0;0.0
-1;39500;BANANAS;4950;22;;;;;4957;22;;;;;4953.5;123.375
-1;39500;PEARLS;9996;2;9995;20;;;10004;2;10005;20;;;10000.0;0.0
-1;39600;PEARLS;9995;22;;;;;10005;22;;;;;10000.0;0.0
-1;39600;BANANAS;4949;22;;;;;4956;22;;;;;4952.5;119.05078
-1;39700;BANANAS;4949;20;;;;;4956;20;;;;;4952.5;118.75
-1;39700;PEARLS;9995;20;;;;;10005;20;;;;;10000.0;0.0
-1;39800;BANANAS;4949;31;;;;;4954;3;4956;31;;;4951.5;120.41797
-1;39800;PEARLS;9996;1;9995;30;;;10002;3;10004;1;10005;30;9999.0;0.0
-1;39900;BANANAS;4950;1;4949;32;;;4956;32;;;;;4953.0;119.25391
-1;39900;PEARLS;9998;1;9996;2;9995;30;10004;2;10005;30;;;10001.0;0.0
-1;40000;PEARLS;9998;9;9996;1;9995;30;10004;1;10005;30;;;10001.0;0.0
-1;40000;BANANAS;4953;5;4950;9;4949;31;4955;1;4956;30;;;4954.0;117.37109
-1;40100;BANANAS;4949;27;;;;;4956;27;;;;;4952.5;118.728516
-1;40100;PEARLS;10002;1;9995;27;;;10005;27;;;;;10003.5;0.0
-1;40200;BANANAS;4949;23;;;;;4954;7;4956;23;;;4951.5;119.33594
-1;40200;PEARLS;9996;1;9995;22;;;10002;7;10004;1;10005;22;9999.0;0.0
-1;40300;BANANAS;4949;25;;;;;4955;1;4956;24;;;4952.0;117.52344
-1;40300;PEARLS;9996;1;9995;24;;;10000;4;10004;1;10005;24;9998.0;0.0
-1;40400;PEARLS;9996;1;9995;20;;;10002;10;10004;1;10005;20;9999.0;0.0
-1;40400;BANANAS;4948;21;;;;;4953;10;4954;1;4955;20;4950.5;111.73242
-1;40500;BANANAS;4948;24;;;;;4951;2;4955;24;;;4949.5;111.36328
-1;40500;PEARLS;9995;24;;;;;10005;24;;;;;10000.0;0.0
-1;40600;BANANAS;4948;2;4947;24;;;4954;26;;;;;4951.0;109.552734
-1;40600;PEARLS;9996;2;9995;24;;;9998;7;10004;2;10005;24;9997.0;0.0
-1;40700;BANANAS;4948;26;;;;;4955;26;;;;;4951.5;114.35547
-1;40700;PEARLS;9996;2;9995;24;;;10004;2;10005;24;;;10000.0;0.0
-1;40800;PEARLS;9995;29;;;;;10005;29;;;;;10000.0;0.0
-1;40800;BANANAS;4948;29;;;;;4955;29;;;;;4951.5;114.03125
-1;40900;PEARLS;9995;22;;;;;10005;22;;;;;10000.0;0.0
-1;40900;BANANAS;4948;22;;;;;4955;22;;;;;4951.5;115.13086
-1;41000;BANANAS;4949;5;4948;22;;;4951;4;4955;22;;;4950.0;113.2793
-1;41000;PEARLS;9998;5;9995;22;;;10005;22;;;;;10001.5;0.0
-1;41100;BANANAS;4947;23;;;;;4954;23;;;;;4950.5;107.625
-1;41100;PEARLS;9996;1;9995;22;;;10004;1;10005;22;;;10000.0;0.0
-1;41200;BANANAS;4947;26;;;;;4954;26;;;;;4950.5;107.0918
-1;41200;PEARLS;9996;1;9995;25;;;9998;8;10004;1;10005;25;9997.0;0.0
-1;41300;PEARLS;9996;1;9995;20;;;10000;6;10002;2;10004;1;9998.0;0.0
-1;41300;BANANAS;4946;21;;;;;4951;2;4953;21;;;4948.5;102.80469
-1;41400;PEARLS;9995;23;;;;;10005;23;;;;;10000.0;0.0
-1;41400;BANANAS;4947;22;;;;;4950;4;4954;23;;;4948.5;105.55078
-1;41500;BANANAS;4948;6;4947;30;;;4954;30;;;;;4951.0;106.53125
-1;41500;PEARLS;9998;5;9995;30;;;10005;30;;;;;10001.5;0.0
-1;41600;PEARLS;9996;1;9995;27;;;9998;5;10004;1;10005;27;9997.0;0.0
-1;41600;BANANAS;4948;1;4947;27;;;4954;28;;;;;4951.0;110.69922
-1;41700;PEARLS;9995;20;;;;;10005;20;;;;;10000.0;0.0
-1;41700;BANANAS;4947;20;;;;;4954;20;;;;;4950.5;109.58594
-1;41800;PEARLS;9996;2;9995;28;;;10002;3;10004;2;10005;28;9999.0;0.0
-1;41800;BANANAS;4947;30;;;;;4952;3;4954;30;;;4949.5;109.0957
-1;41900;BANANAS;4949;4;4948;30;;;4955;30;;;;;4952.0;113.265625
-1;41900;PEARLS;9998;4;9996;2;9995;28;10004;2;10005;28;;;10001.0;0.0
-1;42000;PEARLS;9996;2;9995;28;;;10004;2;10005;28;;;10000.0;0.0
-1;42000;BANANAS;4948;30;;;;;4955;30;;;;;4951.5;114.41797
-1;42100;PEARLS;9995;24;;;;;10005;24;;;;;10000.0;0.0
-1;42100;BANANAS;4948;24;;;;;4955;24;;;;;4951.5;114.75586
-1;42200;PEARLS;9995;26;;;;;10002;4;10005;26;;;9998.5;0.0
-1;42200;BANANAS;4948;26;;;;;4953;4;4955;26;;;4950.5;115.21484
-1;42300;BANANAS;4953;1;4948;24;;;4955;24;;;;;4954.0;114.00781
-1;42300;PEARLS;10000;4;9995;24;;;10005;24;;;;;10002.5;0.0
-1;42400;BANANAS;4948;25;;;;;4954;1;4955;24;;;4951.0;115.59766
-1;42400;PEARLS;9996;1;9995;24;;;9998;5;10004;1;10005;24;9997.0;0.0
-1;42500;PEARLS;9996;2;9995;22;;;10004;2;10005;22;;;10000.0;0.0
-1;42500;BANANAS;4948;23;;;;;4954;2;4955;22;;;4951.0;115.4375
-1;42600;PEARLS;9995;25;;;;;10002;10;10005;25;;;9998.5;0.0
-1;42600;BANANAS;4947;25;;;;;4952;10;4954;25;;;4949.5;114.27539
-1;42700;PEARLS;9996;2;9995;20;;;10004;2;10005;20;;;10000.0;0.0
-1;42700;BANANAS;4947;21;;;;;4954;22;;;;;4950.5;111.921875
-1;42800;BANANAS;4947;23;;;;;4954;23;;;;;4950.5;110.583984
-1;42800;PEARLS;9995;23;;;;;10005;23;;;;;10000.0;0.0
-1;42900;PEARLS;9995;22;;;;;10005;22;;;;;10000.0;0.0
-1;42900;BANANAS;4946;22;;;;;4953;22;;;;;4949.5;109.37891
-1;43000;PEARLS;10002;7;9996;1;9995;24;10004;1;10005;24;;;10003.0;0.0
-1;43000;BANANAS;4946;25;;;;;4953;25;;;;;4949.5;106.49609
-1;43100;PEARLS;9996;2;9995;23;;;10002;3;10004;2;10005;23;9999.0;0.0
-1;43100;BANANAS;4946;25;;;;;4951;3;4952;2;4953;23;4948.5;106.24805
-1;43200;BANANAS;4946;28;;;;;4953;28;;;;;4949.5;107.74414
-1;43200;PEARLS;9996;1;9995;27;;;10000;1;10004;1;10005;27;9998.0;0.0
-1;43300;PEARLS;9995;20;;;;;10005;20;;;;;10000.0;0.0
-1;43300;BANANAS;4946;20;;;;;4953;20;;;;;4949.5;105.81641
-1;43400;PEARLS;9996;2;9995;27;;;10002;8;10004;2;10005;27;9999.0;0.0
-1;43400;BANANAS;4946;28;;;;;4951;8;4952;2;4953;27;4948.5;106.291016
-1;43500;PEARLS;9996;1;9995;23;;;10002;10;10004;1;10005;23;9999.0;0.0
-1;43500;BANANAS;4946;24;;;;;4951;10;4952;1;4953;23;4948.5;105.25781
-1;43600;BANANAS;4945;21;;;;;4950;1;4952;21;;;4947.5;103.62305
-1;43600;PEARLS;9995;21;;;;;10002;1;10005;21;;;9998.5;0.0
-1;43700;PEARLS;9996;2;9995;26;;;10004;2;10005;26;;;10000.0;0.0
-1;43700;BANANAS;4946;2;4945;26;;;4952;28;;;;;4949.0;103.73242
-1;43800;PEARLS;9995;25;;;;;9998;1;10005;25;;;9996.5;0.0
-1;43800;BANANAS;4945;25;;;;;4952;25;;;;;4948.5;100.50781
-1;43900;PEARLS;9995;28;;;;;10005;28;;;;;10000.0;0.0
-1;43900;BANANAS;4945;28;;;;;4952;28;;;;;4948.5;101.1543
-1;44000;BANANAS;4945;26;;;;;4948;6;4951;26;;;4946.5;100.06836
-1;44000;PEARLS;10002;4;9996;1;9995;25;10004;1;10005;25;;;10003.0;0.0
-1;44100;PEARLS;9996;2;9995;28;;;10004;2;10005;28;;;10000.0;0.0
-1;44100;BANANAS;4945;1;4944;28;;;4951;30;;;;;4948.0;99.00781
-1;44200;PEARLS;9998;4;9996;2;9995;20;10004;2;10005;20;;;10001.0;0.0
-1;44200;BANANAS;4945;6;4944;20;;;4951;22;;;;;4948.0;99.021484
-1;44300;PEARLS;9996;1;9995;24;;;10004;1;10005;24;;;10000.0;0.0
-1;44300;BANANAS;4945;25;;;;;4952;25;;;;;4948.5;102.23633
-1;44400;BANANAS;4945;30;;;;;4952;30;;;;;4948.5;101.765625
-1;44400;PEARLS;9996;1;9995;29;;;10004;1;10005;29;;;10000.0;0.0
-1;44500;PEARLS;9996;1;9995;26;;;10004;1;10005;26;;;10000.0;0.0
-1;44500;BANANAS;4945;27;;;;;4952;27;;;;;4948.5;102.7832
-1;44600;PEARLS;9995;23;;;;;10005;23;;;;;10000.0;0.0
-1;44600;BANANAS;4945;23;;;;;4952;23;;;;;4948.5;101.56445
-1;44700;PEARLS;9996;1;9995;23;;;10002;9;10004;1;10005;23;9999.0;0.0
-1;44700;BANANAS;4945;1;4944;23;;;4949;9;4951;24;;;4947.0;99.35547
-1;44800;BANANAS;4945;2;4944;22;;;4949;10;4951;24;;;4947.0;98.796875
-1;44800;PEARLS;9996;2;9995;22;;;10002;10;10004;2;10005;22;9999.0;0.0
-1;44900;PEARLS;9995;26;;;;;10002;6;10005;26;;;9998.5;0.0
-1;44900;BANANAS;4945;26;;;;;4950;6;4952;26;;;4947.5;100.197266
-1;45000;PEARLS;9996;1;9995;26;;;10004;1;10005;26;;;10000.0;0.0
-1;45000;BANANAS;4945;27;;;;;4951;1;4952;26;;;4948.0;100.896484
-1;45100;PEARLS;9996;2;9995;25;;;9998;1;10004;2;10005;25;9997.0;0.0
-1;45100;BANANAS;4945;27;;;;;4951;2;4952;25;;;4948.0;100.39258
-1;45200;BANANAS;4945;27;;;;;4952;27;;;;;4948.5;103.09766
-1;45200;PEARLS;9995;27;;;;;10005;27;;;;;10000.0;0.0
-1;45300;BANANAS;4945;29;;;;;4946;1;4952;29;;;4945.5;103.08789
-1;45300;PEARLS;9996;1;9995;28;;;9998;1;10004;1;10005;28;9997.0;0.0
-1;45400;PEARLS;9996;1;9995;27;;;10004;1;10005;27;;;10000.0;0.0
-1;45400;BANANAS;4946;28;;;;;4952;1;4953;27;;;4949.0;106.16211
-1;45500;BANANAS;4946;1;4945;23;;;4952;24;;;;;4949.0;104.62891
-1;45500;PEARLS;9996;1;9995;23;;;10004;1;10005;23;;;10000.0;0.0
-1;45600;BANANAS;4951;1;4946;1;4945;24;4952;25;;;;;4951.5;104.51172
-1;45600;PEARLS;9996;1;9995;24;;;10004;1;10005;24;;;10000.0;0.0
-1;45700;PEARLS;10002;4;9995;30;;;10005;30;;;;;10003.5;0.0
-1;45700;BANANAS;4945;30;;;;;4952;30;;;;;4948.5;103.8457
-1;45800;PEARLS;9996;2;9995;24;;;10004;2;10005;24;;;10000.0;0.0
-1;45800;BANANAS;4946;2;4945;24;;;4952;26;;;;;4949.0;103.78125
-1;45900;PEARLS;9996;1;9995;21;;;10002;1;10004;1;10005;21;9999.0;0.0
-1;45900;BANANAS;4946;1;4945;21;;;4950;1;4952;22;;;4948.0;104.50195
-1;46000;BANANAS;4946;27;;;;;4952;2;4953;25;;;4949.0;105.16016
-1;46000;PEARLS;9996;2;9995;25;;;9998;5;10004;2;10005;25;9997.0;0.0
-1;46100;PEARLS;9996;2;9995;25;;;10004;2;10005;25;;;10000.0;0.0
-1;46100;BANANAS;4945;27;;;;;4946;1;4952;27;;;4945.5;103.58203
-1;46200;PEARLS;9995;28;;;;;10005;28;;;;;10000.0;0.0
-1;46200;BANANAS;4945;28;;;;;4946;2;4952;28;;;4945.5;100.796875
-1;46300;PEARLS;9996;1;9995;22;;;10004;1;10005;22;;;10000.0;0.0
-1;46300;BANANAS;4950;1;4945;1;4944;22;4951;23;;;;;4950.5;99.43555
-1;46400;BANANAS;4944;26;;;;;4951;26;;;;;4947.5;98.28516
-1;46400;PEARLS;9995;26;;;;;10005;26;;;;;10000.0;0.0
-1;46500;PEARLS;9996;2;9995;23;;;10002;5;10004;2;10005;23;9999.0;0.0
-1;46500;BANANAS;4944;25;;;;;4945;1;4949;5;4951;25;4944.5;97.96484
-1;46600;PEARLS;9996;2;9995;21;;;10002;2;10004;2;10005;21;9999.0;0.0
-1;46600;BANANAS;4947;4;4944;23;;;4949;2;4951;23;;;4948.0;98.32422
-1;46700;PEARLS;9996;1;9995;22;;;10004;1;10005;22;;;10000.0;0.0
-1;46700;BANANAS;4944;23;;;;;4951;23;;;;;4947.5;97.62109
-1;46800;BANANAS;4945;6;4944;22;;;4951;23;;;;;4948.0;99.28711
-1;46800;PEARLS;9998;4;9996;1;9995;22;10004;1;10005;22;;;10001.0;0.0
-1;46900;BANANAS;4950;1;4944;28;;;4951;28;;;;;4950.5;98.390625
-1;46900;PEARLS;9996;2;9995;26;;;10004;2;10005;26;;;10000.0;0.0
-1;47000;PEARLS;9995;20;;;;;10002;8;10005;20;;;9998.5;0.0
-1;47000;BANANAS;4944;20;;;;;4949;8;4951;20;;;4946.5;95.23242
-1;47100;BANANAS;4945;4;4944;24;;;4951;24;;;;;4948.0;97.75586
-1;47100;PEARLS;9998;5;9995;24;;;10005;24;;;;;10001.5;0.0
-1;47200;BANANAS;4950;1;4944;29;;;4951;29;;;;;4950.5;99.52344
-1;47200;PEARLS;9995;29;;;;;10005;29;;;;;10000.0;0.0
-1;47300;BANANAS;4944;24;;;;;4951;24;;;;;4947.5;98.83008
-1;47300;PEARLS;9995;24;;;;;10005;24;;;;;10000.0;0.0
-1;47400;PEARLS;9996;2;9995;24;;;10002;5;10004;2;10005;24;9999.0;0.0
-1;47400;BANANAS;4945;26;;;;;4950;5;4951;2;4952;24;4947.5;100.59766
-1;47500;BANANAS;4944;28;;;;;4950;28;;;;;4947.0;95.03125
-1;47500;PEARLS;9995;28;;;;;10005;28;;;;;10000.0;0.0
-1;47600;BANANAS;4943;21;;;;;4950;21;;;;;4946.5;94.09961
-1;47600;PEARLS;9995;21;;;;;10005;21;;;;;10000.0;0.0
-1;47700;BANANAS;4943;24;;;;;4949;1;4950;23;;;4946.0;90.48047
-1;47700;PEARLS;9996;1;9995;23;;;9998;1;10004;1;10005;23;9997.0;0.0
-1;47800;PEARLS;9995;22;;;;;9998;1;10002;8;10005;22;9996.5;0.0
-1;47800;BANANAS;4943;22;;;;;4948;8;4950;22;;;4945.5;90.51758
-1;47900;BANANAS;4944;1;4943;21;;;4949;21;;;;;4946.5;89.97656
-1;47900;PEARLS;9998;1;9995;21;;;10005;21;;;;;10001.5;0.0
-1;48000;BANANAS;4943;5;4942;27;;;4949;29;;;;;4946.0;89.697266
-1;48000;PEARLS;9998;3;9996;2;9995;27;10004;2;10005;27;;;10001.0;0.0
-1;48100;BANANAS;4942;29;;;;;4949;29;;;;;4945.5;89.45703
-1;48100;PEARLS;9995;29;;;;;10005;29;;;;;10000.0;0.0
-1;48200;PEARLS;9996;1;9995;25;;;10004;1;10005;25;;;10000.0;0.0
-1;48200;BANANAS;4942;26;;;;;4949;26;;;;;4945.5;88.33203
-1;48300;BANANAS;4948;1;4942;29;;;4949;29;;;;;4948.5;87.78516
-1;48300;PEARLS;9995;29;;;;;10005;29;;;;;10000.0;0.0
-1;48400;BANANAS;4947;1;4942;22;;;4949;22;;;;;4948.0;85.80078
-1;48400;PEARLS;9995;22;;;;;10005;22;;;;;10000.0;0.0
-1;48500;BANANAS;4942;25;;;;;4949;25;;;;;4945.5;85.896484
-1;48500;PEARLS;9995;25;;;;;10005;25;;;;;10000.0;0.0
-1;48600;PEARLS;9996;2;9995;20;;;10002;4;10004;2;10005;20;9999.0;0.0
-1;48600;BANANAS;4942;22;;;;;4947;4;4948;2;4949;20;4944.5;85.85156
-1;48700;BANANAS;4941;21;;;;;4948;21;;;;;4944.5;83.4375
-1;48700;PEARLS;10002;2;9995;21;;;10005;21;;;;;10003.5;0.0
-1;48800;BANANAS;4943;10;4942;31;;;4949;31;;;;;4946.0;86.83984
-1;48800;PEARLS;9998;10;9996;2;9995;29;10004;2;10005;29;;;10001.0;0.0
-1;48900;BANANAS;4942;3;4941;24;;;4948;25;;;;;4945.0;84.208984
-1;48900;PEARLS;9998;3;9996;1;9995;24;10004;1;10005;24;;;10001.0;0.0
-1;49000;PEARLS;9995;29;;;;;10005;29;;;;;10000.0;0.0
-1;49000;BANANAS;4941;29;;;;;4948;29;;;;;4944.5;83.015625
-1;49100;BANANAS;4942;3;4941;26;;;4948;26;;;;;4945.0;80.33008
-1;49100;PEARLS;9998;3;9995;26;;;10005;26;;;;;10001.5;0.0
-1;49200;BANANAS;4940;25;;;;;4946;2;4947;23;;;4943.0;75.75391
-1;49200;PEARLS;9996;2;9995;23;;;10004;2;10005;23;;;10000.0;0.0
-1;49300;BANANAS;4945;1;4940;29;;;4946;29;;;;;4945.5;75.11328
-1;49300;PEARLS;9995;29;;;;;10005;29;;;;;10000.0;0.0
-1;49400;PEARLS;9998;5;9996;1;9995;21;10004;1;10005;21;;;10001.0;0.0
-1;49400;BANANAS;4945;1;4941;5;4940;22;4947;22;;;;;4946.0;77.33203
-1;49500;BANANAS;4940;23;;;;;4947;23;;;;;4943.5;79.51367
-1;49500;PEARLS;9995;23;;;;;10005;23;;;;;10000.0;0.0
-1;49600;BANANAS;4940;22;;;;;4947;22;;;;;4943.5;78.69922
-1;49600;PEARLS;9995;22;;;;;10005;22;;;;;10000.0;0.0
-1;49700;BANANAS;4941;24;;;;;4946;9;4947;2;4948;22;4943.5;81.06445
-1;49700;PEARLS;9996;2;9995;22;;;10002;8;10004;2;10005;22;9999.0;0.0
-1;49800;BANANAS;4941;22;;;;;4948;22;;;;;4944.5;81.6582
-1;49800;PEARLS;9996;1;9995;21;;;9998;1;10004;1;10005;21;9997.0;0.0
-1;49900;PEARLS;9996;2;9995;20;;;10004;2;10005;20;;;10000.0;0.0
-1;49900;BANANAS;4941;22;;;;;4946;1;4947;2;4948;20;4943.5;80.99609
-1;50000;BANANAS;4943;1;4940;30;;;4947;30;;;;;4945.0;78.03125
-1;50000;PEARLS;9996;1;9995;29;;;10004;1;10005;29;;;10000.0;0.0
-1;50100;BANANAS;4941;32;;;;;4947;2;4948;30;;;4944.0;80.46094
-1;50100;PEARLS;9996;2;9995;30;;;10004;2;10005;30;;;10000.0;0.0
-1;50200;PEARLS;9998;1;9996;2;9995;23;10004;2;10005;23;;;10001.0;0.0
-1;50200;BANANAS;4942;1;4941;25;;;4948;25;;;;;4945.0;83.57617
-1;50300;PEARLS;9996;1;9995;25;;;10002;5;10004;1;10005;25;9999.0;0.0
-1;50300;BANANAS;4942;1;4941;25;;;4946;6;4948;26;;;4944.0;84.73828
-1;50400;PEARLS;10002;4;9996;1;9995;29;10004;1;10005;29;;;10003.0;0.0
-1;50400;BANANAS;4942;1;4941;29;;;4948;30;;;;;4945.0;83.70117
-1;50500;BANANAS;4942;1;4941;28;;;4948;29;;;;;4945.0;84.76953
-1;50500;PEARLS;10002;4;9996;1;9995;28;10004;1;10005;28;;;10003.0;0.0
-1;50600;PEARLS;9996;1;9995;23;;;10004;1;10005;23;;;10000.0;0.0
-1;50600;BANANAS;4947;1;4942;24;;;4948;1;4949;23;;;4947.5;85.2832
-1;50700;PEARLS;9995;25;;;;;10002;3;10005;25;;;9998.5;0.0
-1;50700;BANANAS;4941;25;;;;;4943;1;4946;3;4948;25;4942.0;84.60156
-1;50800;PEARLS;9995;24;;;;;9998;1;10002;6;10005;24;9996.5;0.0
-1;50800;BANANAS;4941;24;;;;;4946;6;4948;24;;;4943.5;84.259766
-1;50900;BANANAS;4941;27;;;;;4948;27;;;;;4944.5;83.17969
-1;50900;PEARLS;9996;1;9995;26;;;10004;1;10005;26;;;10000.0;0.0
-1;51000;PEARLS;9996;2;9995;22;;;10004;2;10005;22;;;10000.0;0.0
-1;51000;BANANAS;4942;2;4941;22;;;4948;24;;;;;4945.0;84.80664
-1;51100;PEARLS;9996;1;9995;26;;;10004;1;10005;26;;;10000.0;0.0
-1;51100;BANANAS;4941;27;;;;;4948;27;;;;;4944.5;83.03906
-1;51200;PEARLS;9996;2;9995;30;;;10004;2;10005;30;;;10000.0;0.0
-1;51200;BANANAS;4941;2;4940;30;;;4947;32;;;;;4944.0;79.041016
-1;51300;PEARLS;9996;2;9995;23;;;10004;2;10005;23;;;10000.0;0.0
-1;51300;BANANAS;4941;25;;;;;4947;25;;;;;4944.0;79.97656
-1;51400;BANANAS;4941;23;;;;;4948;23;;;;;4944.5;80.17383
-1;51400;PEARLS;9995;23;;;;;10005;23;;;;;10000.0;0.0
-1;51500;PEARLS;9996;2;9995;20;;;10004;2;10005;20;;;10000.0;0.0
-1;51500;BANANAS;4941;22;;;;;4948;22;;;;;4944.5;81.86328
-1;51600;PEARLS;9996;2;9995;29;;;10004;2;10005;29;;;10000.0;0.0
-1;51600;BANANAS;4941;31;;;;;4947;2;4948;29;;;4944.0;80.90234
-1;51700;PEARLS;9996;2;9995;30;;;10002;5;10004;2;10005;30;9999.0;0.0
-1;51700;BANANAS;4941;32;;;;;4946;5;4947;2;4948;30;4943.5;81.36914
-1;51800;BANANAS;4942;2;4941;24;;;4948;26;;;;;4945.0;83.625
-1;51800;PEARLS;9996;2;9995;24;;;10004;2;10005;24;;;10000.0;0.0
-1;51900;PEARLS;9996;1;9995;26;;;10002;6;10004;1;10005;26;9999.0;0.0
-1;51900;BANANAS;4941;27;;;;;4946;6;4948;27;;;4943.5;82.62695
-1;52000;PEARLS;10000;3;9996;1;9995;23;10004;1;10005;23;;;10002.0;0.0
-1;52000;BANANAS;4941;24;;;;;4947;1;4948;23;;;4944.0;80.490234
-1;52100;PEARLS;9995;30;;;;;10005;30;;;;;10000.0;0.0
-1;52100;BANANAS;4940;30;;;;;4947;30;;;;;4943.5;79.14258
-1;52200;BANANAS;4941;28;;;;;4946;3;4948;28;;;4943.5;81.39844
-1;52200;PEARLS;9995;28;;;;;10002;3;10005;28;;;9998.5;0.0
-1;52300;PEARLS;9995;21;;;;;10002;3;10005;21;;;9998.5;0.0
-1;52300;BANANAS;4940;21;;;;;4945;2;4947;21;;;4942.5;79.73047
-1;52400;PEARLS;10000;6;9996;2;9995;22;10004;2;10005;22;;;10002.0;0.0
-1;52400;BANANAS;4941;2;4940;22;;;4947;24;;;;;4944.0;79.69531
-1;52500;PEARLS;9996;1;9995;30;;;10004;1;10005;30;;;10000.0;0.0
-1;52500;BANANAS;4941;1;4940;30;;;4947;31;;;;;4944.0;79.515625
-1;52600;BANANAS;4941;24;;;;;4947;1;4948;23;;;4944.0;80.66016
-1;52600;PEARLS;9996;1;9995;23;;;9998;2;10004;1;10005;23;9997.0;0.0
-1;52700;PEARLS;9995;29;;;;;9998;1;10005;29;;;9996.5;0.0
-1;52700;BANANAS;4941;29;;;;;4948;29;;;;;4944.5;80.771484
-1;52800;PEARLS;9995;24;;;;;9998;1;10005;24;;;9996.5;0.0
-1;52800;BANANAS;4941;24;;;;;4948;24;;;;;4944.5;82.06641
-1;52900;PEARLS;9996;1;9995;30;;;10004;1;10005;30;;;10000.0;0.0
-1;52900;BANANAS;4941;31;;;;;4947;1;4948;30;;;4944.0;80.26172
-1;53000;BANANAS;4941;28;;;;;4948;28;;;;;4944.5;83.62109
-1;53000;PEARLS;9995;28;;;;;10005;28;;;;;10000.0;0.0
-1;53100;PEARLS;9996;1;9995;30;;;10004;1;10005;30;;;10000.0;0.0
-1;53100;BANANAS;4943;31;;;;;4949;1;4950;30;;;4946.0;91.36719
-1;53200;PEARLS;9996;1;9995;30;;;9998;1;10004;1;10005;30;9997.0;0.0
-1;53200;BANANAS;4943;31;;;;;4950;31;;;;;4946.5;91.828125
-1;53300;PEARLS;9996;1;9995;23;;;10004;1;10005;23;;;10000.0;0.0
-1;53300;BANANAS;4943;24;;;;;4950;24;;;;;4946.5;91.447266
-1;53400;BANANAS;4942;23;;;;;4943;1;4949;23;;;4942.5;88.55078
-1;53400;PEARLS;9995;23;;;;;10005;23;;;;;10000.0;0.0
-1;53500;PEARLS;9996;1;9995;25;;;10002;8;10004;1;10005;25;9999.0;0.0
-1;53500;BANANAS;4943;26;;;;;4948;8;4949;1;4950;25;4945.5;90.70117
-1;53600;PEARLS;9998;2;9995;23;;;10005;23;;;;;10001.5;0.0
-1;53600;BANANAS;4943;1;4942;23;;;4949;23;;;;;4946.0;88.78906
-1;53700;PEARLS;9996;2;9995;25;;;10002;10;10004;2;10005;25;9999.0;0.0
-1;53700;BANANAS;4943;27;;;;;4948;10;4949;2;4950;25;4945.5;90.69531
-1;53800;BANANAS;4944;2;4943;23;;;4948;6;4950;25;;;4946.0;93.875
-1;53800;PEARLS;9996;2;9995;23;;;9998;13;10002;6;10004;2;9997.0;0.0
-1;53900;PEARLS;9995;28;;;;;10005;28;;;;;10000.0;0.0
-1;53900;BANANAS;4949;1;4948;4;4944;28;4951;28;;;;;4950.0;96.083984
-1;54000;PEARLS;9996;1;9995;21;;;10004;1;10005;21;;;10000.0;0.0
-1;54000;BANANAS;4945;1;4944;21;;;4951;22;;;;;4948.0;99.33594
-1;54100;PEARLS;9995;23;;;;;10005;23;;;;;10000.0;0.0
-1;54100;BANANAS;4944;23;;;;;4951;23;;;;;4947.5;96.87695
-1;54200;BANANAS;4943;21;;;;;4950;21;;;;;4946.5;93.56445
-1;54200;PEARLS;9996;1;9995;20;;;10004;1;10005;20;;;10000.0;0.0
-1;54300;BANANAS;4945;1;4944;25;;;4951;25;;;;;4948.0;96.390625
-1;54300;PEARLS;9998;1;9995;25;;;10005;25;;;;;10001.5;0.0
-1;54400;PEARLS;9996;2;9995;22;;;10004;2;10005;22;;;10000.0;0.0
-1;54400;BANANAS;4944;23;;;;;4951;24;;;;;4947.5;96.697266
-1;54500;BANANAS;4944;29;;;;;4945;1;4949;9;4951;29;4944.5;97.40625
-1;54500;PEARLS;9995;29;;;;;10002;9;10005;29;;;9998.5;0.0
-1;54600;BANANAS;4945;4;4944;28;;;4950;2;4951;26;;;4947.5;95.7793
-1;54600;PEARLS;9998;4;9996;2;9995;26;10004;2;10005;26;;;10001.0;0.0
-1;54700;PEARLS;9998;2;9995;21;;;10005;21;;;;;10001.5;0.0
-1;54700;BANANAS;4944;3;4943;21;;;4950;21;;;;;4947.0;94.052734
-1;54800;PEARLS;9996;1;9995;23;;;10004;1;10005;23;;;10000.0;0.0
-1;54800;BANANAS;4943;24;;;;;4950;24;;;;;4946.5;92.0332
-1;54900;PEARLS;9996;1;9995;28;;;10004;1;10005;28;;;10000.0;0.0
-1;54900;BANANAS;4943;1;4942;28;;;4949;29;;;;;4946.0;88.62109
-1;55000;BANANAS;4943;27;;;;;4949;27;;;;;4946.0;90.11914
-1;55000;PEARLS;9995;27;;;;;9998;5;10005;27;;;9996.5;0.0
-1;55100;PEARLS;10002;9;9996;2;9995;29;10004;2;10005;29;;;10003.0;0.0
-1;55100;BANANAS;4943;31;;;;;4950;31;;;;;4946.5;92.06836
-1;55200;PEARLS;9995;25;;;;;10005;25;;;;;10000.0;0.0
-1;55200;BANANAS;4943;25;;;;;4950;25;;;;;4946.5;93.00391
-1;55300;PEARLS;9996;1;9995;24;;;10002;7;10004;1;10005;24;9999.0;0.0
-1;55300;BANANAS;4944;1;4943;24;;;4948;7;4950;25;;;4946.0;94.6875
-1;55400;BANANAS;4944;1;4943;22;;;4950;23;;;;;4947.0;93.88672
-1;55400;PEARLS;9996;1;9995;22;;;10004;1;10005;22;;;10000.0;0.0
-1;55500;PEARLS;9995;26;;;;;10005;26;;;;;10000.0;0.0
-1;55500;BANANAS;4947;2;4943;26;;;4949;26;;;;;4948.0;90.03125
-1;55600;PEARLS;9998;7;9996;1;9995;27;10004;1;10005;27;;;10001.0;0.0
-1;55600;BANANAS;4943;7;4942;28;;;4949;28;;;;;4946.0;88.32031
-1;55700;BANANAS;4943;21;;;;;4948;7;4950;21;;;4945.5;90.62891
-1;55700;PEARLS;9995;21;;;;;10002;7;10005;21;;;9998.5;0.0
-1;55800;BANANAS;4943;23;;;;;4950;23;;;;;4946.5;92.55469
-1;55800;PEARLS;9996;2;9995;21;;;10004;2;10005;21;;;10000.0;0.0
-1;55900;BANANAS;4943;24;;;;;4950;24;;;;;4946.5;91.52344
-1;55900;PEARLS;9995;24;;;;;9998;11;10005;24;;;9996.5;0.0
-1;56000;PEARLS;9996;2;9995;20;;;10004;2;10005;20;;;10000.0;0.0
-1;56000;BANANAS;4943;22;;;;;4950;22;;;;;4946.5;91.53906
-1;56100;BANANAS;4943;30;;;;;4950;30;;;;;4946.5;93.46094
-1;56100;PEARLS;9996;1;9995;29;;;10004;1;10005;29;;;10000.0;0.0
-1;56200;BANANAS;4943;28;;;;;4950;28;;;;;4946.5;93.55078
-1;56200;PEARLS;9996;2;9995;26;;;10004;2;10005;26;;;10000.0;0.0
-1;56300;BANANAS;4943;23;;;;;4948;8;4950;23;;;4945.5;91.82617
-1;56300;PEARLS;9995;23;;;;;10002;8;10005;23;;;9998.5;0.0
-1;56400;PEARLS;9998;6;9995;23;;;10005;23;;;;;10001.5;0.0
-1;56400;BANANAS;4944;6;4943;23;;;4950;23;;;;;4947.0;90.48047
-1;56500;BANANAS;4943;25;;;;;4950;25;;;;;4946.5;91.072266
-1;56500;PEARLS;9995;25;;;;;10005;25;;;;;10000.0;0.0
-1;56600;BANANAS;4943;27;;;;;4949;27;;;;;4946.0;89.85547
-1;56600;PEARLS;9996;1;9995;26;;;10004;1;10005;26;;;10000.0;0.0
-1;56700;BANANAS;4943;24;;;;;4950;25;;;;;4946.5;91.072266
-1;56700;PEARLS;9995;25;;;;;10005;25;;;;;10000.0;0.0
-1;56800;PEARLS;9995;24;;;;;10005;24;;;;;10000.0;0.0
-1;56800;BANANAS;4943;23;;;;;4950;24;;;;;4946.5;90.47656
-1;56900;BANANAS;4944;5;4943;20;;;4950;20;;;;;4947.0;91.20703
-1;56900;PEARLS;9998;5;9995;20;;;10005;20;;;;;10001.5;0.0
-1;57000;BANANAS;4943;25;;;;;4949;25;;;;;4946.0;90.08008
-1;57000;PEARLS;9995;25;;;;;10005;25;;;;;10000.0;0.0
-1;57100;BANANAS;4943;27;;;;;4949;2;4950;25;;;4946.0;90.41016
-1;57100;PEARLS;9996;2;9995;25;;;10004;2;10005;25;;;10000.0;0.0
-1;57200;PEARLS;9995;26;;;;;10005;26;;;;;10000.0;0.0
-1;57200;BANANAS;4943;26;;;;;4946;2;4950;26;;;4944.5;91.3125
-1;57300;BANANAS;4943;25;;;;;4950;25;;;;;4946.5;92.51172
-1;57300;PEARLS;10002;1;9995;25;;;10005;25;;;;;10003.5;0.0
-1;57400;BANANAS;4944;1;4943;26;;;4948;2;4950;28;;;4946.0;94.03516
-1;57400;PEARLS;9996;2;9995;26;;;10002;2;10004;2;10005;26;9999.0;0.0
-1;57500;BANANAS;4944;31;;;;;4949;1;4951;31;;;4946.5;98.41797
-1;57500;PEARLS;9996;1;9995;30;;;10002;1;10004;1;10005;30;9999.0;0.0
-1;57600;PEARLS;9995;29;;;;;9998;1;10005;29;;;9996.5;0.0
-1;57600;BANANAS;4944;29;;;;;4951;29;;;;;4947.5;99.41211
-1;57700;BANANAS;4945;2;4944;28;;;4949;2;4951;30;;;4947.0;99.072266
-1;57700;PEARLS;9996;2;9995;28;;;10002;2;10004;2;10005;28;9999.0;0.0
-1;57800;BANANAS;4945;2;4944;26;;;4951;28;;;;;4948.0;99.59766
-1;57800;PEARLS;9996;2;9995;26;;;10004;2;10005;26;;;10000.0;0.0
-1;57900;BANANAS;4944;32;;;;;4950;2;4951;30;;;4947.0;96.19531
-1;57900;PEARLS;10002;1;9996;2;9995;30;10004;2;10005;30;;;10003.0;0.0
-1;58000;PEARLS;9998;7;9995;23;;;10005;23;;;;;10001.5;0.0
-1;58000;BANANAS;4945;6;4944;23;;;4951;23;;;;;4948.0;95.458984
-1;58100;BANANAS;4943;23;;;;;4950;24;;;;;4946.5;94.08203
-1;58100;PEARLS;9996;1;9995;23;;;10004;1;10005;23;;;10000.0;0.0
-1;58200;BANANAS;4944;26;;;;;4950;2;4951;24;;;4947.0;96.09375
-1;58200;PEARLS;9996;2;9995;24;;;10004;2;10005;24;;;10000.0;0.0
-1;58300;BANANAS;4944;23;;;;;4951;23;;;;;4947.5;96.48633
-1;58300;PEARLS;9996;2;9995;21;;;9998;1;10004;2;10005;21;9997.0;0.0
-1;58400;PEARLS;9995;21;;;;;10000;4;10005;21;;;9997.5;0.0
-1;58400;BANANAS;4944;21;;;;;4951;21;;;;;4947.5;99.24219
-1;58500;BANANAS;4945;30;;;;;4951;30;;;;;4948.0;99.9375
-1;58500;PEARLS;9996;1;9995;29;;;9998;1;10004;1;10005;29;9997.0;0.0
-1;58600;BANANAS;4945;4;4944;27;;;4951;29;;;;;4948.0;98.73828
-1;58600;PEARLS;9998;2;9996;2;9995;27;10004;2;10005;27;;;10001.0;0.0
-1;58700;BANANAS;4945;1;4944;24;;;4951;25;;;;;4948.0;99.16016
-1;58700;PEARLS;9996;1;9995;24;;;10004;1;10005;24;;;10000.0;0.0
-1;58800;BANANAS;4945;5;4944;24;;;4951;24;;;;;4948.0;97.63672
-1;58800;PEARLS;9998;4;9996;2;9995;22;10004;2;10005;22;;;10001.0;0.0
-1;58900;PEARLS;9995;22;;;;;9998;1;10005;22;;;9996.5;0.0
-1;58900;BANANAS;4944;22;;;;;4951;22;;;;;4947.5;98.40625
-1;59000;PEARLS;9995;26;;;;;10005;26;;;;;10000.0;0.0
-1;59000;BANANAS;4945;9;4944;26;;;4951;26;;;;;4948.0;99.47461
-1;59100;BANANAS;4944;30;;;;;4945;12;4951;30;;;4944.5;99.0918
-1;59100;PEARLS;9995;30;;;;;9998;2;10005;30;;;9996.5;0.0
-1;59200;PEARLS;10000;3;9996;2;9995;29;10004;2;10005;29;;;10002.0;0.0
-1;59200;BANANAS;4949;1;4944;31;;;4951;31;;;;;4950.0;97.98828
-1;59300;PEARLS;9996;2;9995;28;;;9998;13;10004;2;10005;28;9997.0;0.0
-1;59300;BANANAS;4944;30;;;;;4950;2;4951;28;;;4947.0;95.978516
-1;59400;PEARLS;9995;28;;;;;10005;28;;;;;10000.0;0.0
-1;59400;BANANAS;4944;28;;;;;4949;3;4951;28;;;4946.5;97.06055
-1;59500;BANANAS;4945;1;4944;29;;;4950;29;;;;;4947.5;94.921875
-1;59500;PEARLS;9998;1;9996;2;9995;27;10004;2;10005;27;;;10001.0;0.0
-1;59600;PEARLS;9995;25;;;;;10005;25;;;;;10000.0;0.0
-1;59600;BANANAS;4944;25;;;;;4951;25;;;;;4947.5;97.21875
-1;59700;PEARLS;9998;8;9996;2;9995;26;10004;2;10005;26;;;10001.0;0.0
-1;59700;BANANAS;4945;10;4944;26;;;4951;28;;;;;4948.0;99.48047
-1;59800;PEARLS;9995;20;;;;;10005;20;;;;;10000.0;0.0
-1;59800;BANANAS;4944;20;;;;;4951;20;;;;;4947.5;99.71875
-1;59900;BANANAS;4946;1;4945;24;;;4951;2;4952;22;;;4948.5;100.86914
-1;59900;PEARLS;10002;1;9998;1;9996;2;10004;2;10005;22;;;10003.0;0.0
-1;60000;PEARLS;9998;4;9996;2;9995;29;10004;2;10005;29;;;10001.0;0.0
-1;60000;BANANAS;4946;4;4945;31;;;4952;31;;;;;4949.0;103.4375
-1;60100;PEARLS;9995;25;;;;;9998;1;10005;25;;;9996.5;0.0
-1;60100;BANANAS;4945;25;;;;;4952;25;;;;;4948.5;104.515625
-1;60200;PEARLS;10000;3;9996;1;9995;21;10004;1;10005;21;;;10002.0;0.0
-1;60200;BANANAS;4946;1;4945;21;;;4952;22;;;;;4949.0;104.41016
-1;60300;PEARLS;9996;2;9995;22;;;10004;2;10005;22;;;10000.0;0.0
-1;60300;BANANAS;4945;24;;;;;4952;24;;;;;4948.5;103.47266
-1;60400;BANANAS;4946;1;4945;24;;;4952;25;;;;;4949.0;103.61719
-1;60400;PEARLS;10000;4;9996;1;9995;24;10004;1;10005;24;;;10002.0;0.0
-1;60500;PEARLS;9996;2;9995;20;;;10004;2;10005;20;;;10000.0;0.0
-1;60500;BANANAS;4946;2;4945;20;;;4952;22;;;;;4949.0;104.09766
-1;60600;PEARLS;9995;27;;;;;10002;3;10005;27;;;9998.5;0.0
-1;60600;BANANAS;4945;27;;;;;4950;3;4952;27;;;4947.5;104.228516
-1;60700;PEARLS;9996;2;9995;29;;;10002;8;10004;2;10005;29;9999.0;0.0
-1;60700;BANANAS;4946;31;;;;;4951;8;4952;2;4953;29;4948.5;105.35547
-1;60800;BANANAS;4945;25;;;;;4952;25;;;;;4948.5;101.75
-1;60800;PEARLS;9996;1;9995;24;;;10004;1;10005;24;;;10000.0;0.0
-1;60900;PEARLS;9996;2;9995;23;;;10004;2;10005;23;;;10000.0;0.0
-1;60900;BANANAS;4945;2;4944;23;;;4951;25;;;;;4948.0;99.45117
-1;61000;PEARLS;9996;1;9995;30;;;10004;1;10005;30;;;10000.0;0.0
-1;61000;BANANAS;4944;31;;;;;4951;31;;;;;4947.5;97.1875
-1;61100;PEARLS;9996;2;9995;30;;;10004;2;10005;30;;;10000.0;0.0
-1;61100;BANANAS;4944;32;;;;;4945;2;4947;3;4951;32;4944.5;97.41016
-1;61200;BANANAS;4944;30;;;;;4951;30;;;;;4947.5;96.01758
-1;61200;PEARLS;9995;30;;;;;10005;30;;;;;10000.0;0.0
-1;61300;PEARLS;9996;1;9995;30;;;10004;1;10005;30;;;10000.0;0.0
-1;61300;BANANAS;4944;31;;;;;4950;31;;;;;4947.0;94.94531
-1;61400;PEARLS;10002;2;9996;2;9995;26;10004;2;10005;26;;;10003.0;0.0
-1;61400;BANANAS;4944;28;;;;;4951;28;;;;;4947.5;97.63672
-1;61500;PEARLS;10002;6;9995;29;;;10005;29;;;;;10003.5;0.0
-1;61500;BANANAS;4945;29;;;;;4952;29;;;;;4948.5;101.69531
-1;61600;BANANAS;4945;26;;;;;4952;26;;;;;4948.5;101.87305
-1;61600;PEARLS;9996;1;9995;25;;;10004;1;10005;25;;;10000.0;0.0
-1;61700;PEARLS;9996;1;9995;22;;;10004;1;10005;22;;;10000.0;0.0
-1;61700;BANANAS;4950;1;4945;23;;;4951;1;4952;22;;;4950.5;100.42969
-1;61800;PEARLS;9995;29;;;;;10005;29;;;;;10000.0;0.0
-1;61800;BANANAS;4944;29;;;;;4951;29;;;;;4947.5;98.66016
-1;61900;PEARLS;9996;2;9995;23;;;9998;1;10004;2;10005;23;9997.0;0.0
-1;61900;BANANAS;4945;2;4944;23;;;4951;25;;;;;4948.0;98.88672
-1;62000;BANANAS;4944;23;;;;;4950;1;4951;22;;;4947.0;95.41211
-1;62000;PEARLS;9996;1;9995;22;;;10004;1;10005;22;;;10000.0;0.0
-1;62100;PEARLS;9996;1;9995;24;;;10004;1;10005;24;;;10000.0;0.0
-1;62100;BANANAS;4944;25;;;;;4950;1;4951;24;;;4947.0;96.09766
-1;62200;PEARLS;9998;9;9995;26;;;10005;26;;;;;10001.5;0.0
-1;62200;BANANAS;4944;8;4943;26;;;4950;26;;;;;4947.0;94.041016
-1;62300;PEARLS;9996;1;9995;21;;;10004;1;10005;21;;;10000.0;0.0
-1;62300;BANANAS;4944;22;;;;;4951;22;;;;;4947.5;97.16406
-1;62400;BANANAS;4944;26;;;;;4951;26;;;;;4947.5;95.921875
-1;62400;PEARLS;9995;26;;;;;10005;26;;;;;10000.0;0.0
-1;62500;PEARLS;9996;2;9995;27;;;10004;2;10005;27;;;10000.0;0.0
-1;62500;BANANAS;4944;29;;;;;4950;2;4951;27;;;4947.0;95.50781
-1;62600;PEARLS;9996;2;9995;29;;;10004;2;10005;29;;;10000.0;0.0
-1;62600;BANANAS;4943;31;;;;;4950;31;;;;;4946.5;93.51172
-1;62700;PEARLS;9995;25;;;;;10002;4;10005;25;;;9998.5;0.0
-1;62700;BANANAS;4944;25;;;;;4949;4;4951;25;;;4946.5;95.30078
-1;62800;BANANAS;4943;28;;;;;4950;28;;;;;4946.5;92.53516
-1;62800;PEARLS;9996;1;9995;27;;;10004;1;10005;27;;;10000.0;0.0
-1;62900;PEARLS;9996;1;9995;21;;;10004;1;10005;21;;;10000.0;0.0
-1;62900;BANANAS;4943;22;;;;;4950;22;;;;;4946.5;92.60156
-1;63000;PEARLS;9996;2;9995;25;;;10004;2;10005;25;;;10000.0;0.0
-1;63000;BANANAS;4943;27;;;;;4950;27;;;;;4946.5;91.84766
-1;63100;BANANAS;4943;20;;;;;4948;1;4950;20;;;4945.5;91.740234
-1;63100;PEARLS;9995;20;;;;;10002;1;10005;20;;;9998.5;0.0
-1;63200;BANANAS;4943;24;;;;;4950;24;;;;;4946.5;91.55859
-1;63200;PEARLS;9995;24;;;;;10005;24;;;;;10000.0;0.0
-1;63300;BANANAS;4943;28;;;;;4950;28;;;;;4946.5;91.416016
-1;63300;PEARLS;9996;2;9995;26;;;10004;2;10005;26;;;10000.0;0.0
-1;63400;PEARLS;9996;1;9995;30;;;10002;9;10004;1;10005;30;9999.0;0.0
-1;63400;BANANAS;4943;31;;;;;4948;9;4950;31;;;4945.5;92.18945
-1;63500;PEARLS;9996;2;9995;30;;;9998;1;10002;3;10004;2;9997.0;0.0
-1;63500;BANANAS;4943;32;;;;;4948;3;4950;32;;;4945.5;92.4043
-1;63600;BANANAS;4943;31;;;;;4948;6;4950;31;;;4945.5;92.5
-1;63600;PEARLS;9996;1;9995;30;;;10002;6;10004;1;10005;30;9999.0;0.0
-1;63700;PEARLS;9998;8;9996;2;9995;22;10004;2;10005;22;;;10001.0;0.0
-1;63700;BANANAS;4944;8;4943;24;;;4949;2;4950;22;;;4946.5;91.24219
-1;63800;PEARLS;9996;2;9995;26;;;10004;2;10005;26;;;10000.0;0.0
-1;63800;BANANAS;4943;1;4942;26;;;4949;28;;;;;4946.0;89.18359
-1;63900;PEARLS;9995;25;;;;;10002;3;10005;25;;;9998.5;0.0
-1;63900;BANANAS;4942;24;;;;;4947;3;4949;25;;;4944.5;87.333984
-1;64000;BANANAS;4942;31;;;;;4948;1;4949;30;;;4945.0;85.70508
-1;64000;PEARLS;9996;1;9995;30;;;10004;1;10005;30;;;10000.0;0.0
-1;64100;PEARLS;9995;29;;;;;10005;29;;;;;10000.0;0.0
-1;64100;BANANAS;4941;29;;;;;4948;29;;;;;4944.5;81.98242
-1;64200;PEARLS;9996;1;9995;23;;;10002;1;10004;1;10005;23;9999.0;0.0
-1;64200;BANANAS;4941;24;;;;;4946;1;4948;24;;;4943.5;81.43555
-1;64300;PEARLS;9995;29;;;;;10005;29;;;;;10000.0;0.0
-1;64300;BANANAS;4941;29;;;;;4948;29;;;;;4944.5;80.46875
-1;64400;BANANAS;4940;25;;;;;4947;26;;;;;4943.5;79.8125
-1;64400;PEARLS;9996;1;9995;25;;;10004;1;10005;25;;;10000.0;0.0
-1;64500;PEARLS;9998;1;9996;1;9995;30;10004;1;10005;30;;;10001.0;0.0
-1;64500;BANANAS;4942;1;4941;31;;;4947;1;4948;30;;;4944.5;80.54883
-1;64600;PEARLS;9996;1;9995;23;;;10004;1;10005;23;;;10000.0;0.0
-1;64600;BANANAS;4941;23;;;;;4948;24;;;;;4944.5;81.95508
-1;64700;BANANAS;4941;30;;;;;4946;1;4947;2;4948;28;4943.5;80.69141
-1;64700;PEARLS;9996;2;9995;28;;;10002;1;10004;2;10005;28;9999.0;0.0
-1;64800;BANANAS;4941;2;4940;26;;;4945;4;4947;28;;;4943.0;79.53516
-1;64800;PEARLS;9996;2;9995;26;;;10002;4;10004;2;10005;26;9999.0;0.0
-1;64900;BANANAS;4940;30;;;;;4941;1;4947;30;;;4940.5;78.24414
-1;64900;PEARLS;9995;30;;;;;10005;30;;;;;10000.0;0.0
-1;65000;PEARLS;9995;22;;;;;10002;3;10005;22;;;9998.5;0.0
-1;65000;BANANAS;4941;22;;;;;4946;3;4948;22;;;4943.5;80.46875
-1;65100;BANANAS;4942;9;4941;31;;;4947;31;;;;;4944.5;79.91992
-1;65100;PEARLS;9998;9;9996;2;9995;29;10004;2;10005;29;;;10001.0;0.0
-1;65200;BANANAS;4940;25;;;;;4947;25;;;;;4943.5;77.48047
-1;65200;PEARLS;10002;5;9995;25;;;10005;25;;;;;10003.5;0.0
-1;65300;BANANAS;4945;1;4941;3;4940;31;4946;2;4947;29;;;4945.5;76.109375
-1;65300;PEARLS;10002;1;9998;3;9996;2;10004;2;10005;29;;;10003.0;0.0
-1;65400;PEARLS;9996;1;9995;24;;;9998;1;10004;1;10005;24;9997.0;0.0
-1;65400;BANANAS;4940;25;;;;;4947;25;;;;;4943.5;78.24609
-1;65500;BANANAS;4941;2;4940;25;;;4945;6;4947;27;;;4943.0;79.18945
-1;65500;PEARLS;9996;2;9995;25;;;10002;6;10004;2;10005;25;9999.0;0.0
-1;65600;BANANAS;4941;8;4940;28;;;4947;28;;;;;4944.0;79.28125
-1;65600;PEARLS;9998;8;9995;28;;;10005;28;;;;;10001.5;0.0
-1;65700;BANANAS;4940;21;;;;;4947;21;;;;;4943.5;79.72266
-1;65700;PEARLS;9995;21;;;;;10005;21;;;;;10000.0;0.0
-1;65800;PEARLS;9995;29;;;;;10005;29;;;;;10000.0;0.0
-1;65800;BANANAS;4940;29;;;;;4947;29;;;;;4943.5;77.11133
-1;65900;BANANAS;4940;27;;;;;4946;1;4947;26;;;4943.0;75.759766
-1;65900;PEARLS;9996;1;9995;26;;;10004;1;10005;26;;;10000.0;0.0
-1;66000;BANANAS;4941;1;4940;20;;;4947;21;;;;;4944.0;78.84766
-1;66000;PEARLS;9996;1;9995;20;;;9998;2;10004;1;10005;20;9997.0;0.0
-1;66100;BANANAS;4940;22;;;;;4947;22;;;;;4943.5;77.228516
-1;66100;PEARLS;9995;22;;;;;10005;22;;;;;10000.0;0.0
-1;66200;PEARLS;9995;28;;;;;10005;28;;;;;10000.0;0.0
-1;66200;BANANAS;4940;28;;;;;4947;28;;;;;4943.5;77.07422
-1;66300;BANANAS;4940;25;;;;;4947;25;;;;;4943.5;78.603516
-1;66300;PEARLS;9995;25;;;;;9998;1;10005;25;;;9996.5;0.0
-1;66400;BANANAS;4940;29;;;;;4945;6;4947;29;;;4942.5;76.86328
-1;66400;PEARLS;9996;1;9995;28;;;10002;6;10004;1;10005;28;9999.0;0.0
-1;66500;BANANAS;4940;24;;;;;4941;1;4947;24;;;4940.5;77.6543
-1;66500;PEARLS;9996;2;9995;22;;;10004;2;10005;22;;;10000.0;0.0
-1;66600;PEARLS;9995;25;;;;;10002;8;10005;25;;;9998.5;0.0
-1;66600;BANANAS;4942;1;4939;25;;;4944;8;4946;25;;;4943.0;73.2793
-1;66700;BANANAS;4942;6;4940;1;4939;30;4946;30;;;;;4944.0;72.32617
-1;66700;PEARLS;9998;1;9995;30;;;10005;30;;;;;10001.5;0.0
-1;66800;BANANAS;4939;24;;;;;4945;2;4946;22;;;4942.0;70.29492
-1;66800;PEARLS;9996;2;9995;22;;;9998;1;10004;2;10005;22;9997.0;0.0
-1;66900;BANANAS;4938;29;;;;;4945;29;;;;;4941.5;68.08789
-1;66900;PEARLS;9996;1;9995;28;;;10004;1;10005;28;;;10000.0;0.0
-1;67000;PEARLS;10002;4;9996;2;9995;30;10004;2;10005;30;;;10003.0;0.0
-1;67000;BANANAS;4938;32;;;;;4939;5;4944;2;4945;30;4938.5;66.28516
-1;67100;BANANAS;4938;21;;;;;4943;4;4944;1;4945;21;4940.5;65.203125
-1;67100;PEARLS;9996;1;9995;21;;;10002;4;10004;1;10005;21;9999.0;0.0
-1;67200;BANANAS;4937;30;;;;;4943;30;;;;;4940.0;60.126953
-1;67200;PEARLS;9996;2;9995;28;;;10004;2;10005;28;;;10000.0;0.0
-1;67300;BANANAS;4937;26;;;;;4942;3;4944;26;;;4939.5;61.515625
-1;67300;PEARLS;9996;1;9995;25;;;10002;3;10004;1;10005;25;9999.0;0.0
-1;67400;PEARLS;9996;1;9995;29;;;9998;5;10004;1;10005;29;9997.0;0.0
-1;67400;BANANAS;4937;1;4936;29;;;4943;30;;;;;4940.0;59.558594
-1;67500;PEARLS;9996;1;9995;28;;;10004;1;10005;28;;;10000.0;0.0
-1;67500;BANANAS;4937;29;;;;;4944;29;;;;;4940.5;62.5625
-1;67600;BANANAS;4937;31;;;;;4944;31;;;;;4940.5;63.01953
-1;67600;PEARLS;9996;1;9995;30;;;10004;1;10005;30;;;10000.0;0.0
-1;67700;BANANAS;4938;2;4937;21;;;4944;21;;;;;4941.0;63.416016
-1;67700;PEARLS;10002;1;9998;2;9995;21;10005;21;;;;;10003.5;0.0
-1;67800;BANANAS;4938;23;;;;;4944;2;4945;21;;;4941.0;65.69531
-1;67800;PEARLS;9996;2;9995;21;;;9998;1;10004;2;10005;21;9997.0;0.0
-1;67900;PEARLS;9996;2;9995;20;;;10002;4;10004;2;10005;20;9999.0;0.0
-1;67900;BANANAS;4938;22;;;;;4942;4;4944;22;;;4940.0;64.98047
-1;68000;PEARLS;9995;30;;;;;10005;30;;;;;10000.0;0.0
-1;68000;BANANAS;4938;30;;;;;4945;30;;;;;4941.5;66.64844
-1;68100;BANANAS;4937;26;;;;;4944;26;;;;;4940.5;64.01172
-1;68100;PEARLS;9995;26;;;;;10005;26;;;;;10000.0;0.0
-1;68200;PEARLS;9996;2;9995;24;;;10004;2;10005;24;;;10000.0;0.0
-1;68200;BANANAS;4938;26;;;;;4941;5;4944;2;4945;24;4939.5;65.41406
-1;68300;PEARLS;9996;1;9995;26;;;10004;1;10005;26;;;10000.0;0.0
-1;68300;BANANAS;4937;27;;;;;4944;27;;;;;4940.5;63.48633
-1;68400;PEARLS;9998;6;9995;28;;;10005;28;;;;;10001.5;0.0
-1;68400;BANANAS;4938;6;4937;28;;;4944;28;;;;;4941.0;64.22266
-1;68500;BANANAS;4939;2;4938;24;;;4944;1;4945;23;;;4941.5;65.896484
-1;68500;PEARLS;9998;2;9996;1;9995;23;10004;1;10005;23;;;10001.0;0.0
-1;68600;PEARLS;9996;1;9995;30;;;10002;10;10004;1;10005;30;9999.0;0.0
-1;68600;BANANAS;4938;31;;;;;4943;10;4945;31;;;4940.5;66.81445
-1;68700;PEARLS;10002;1;9998;7;9996;2;10004;2;10005;27;;;10003.0;0.0
-1;68700;BANANAS;4939;7;4938;29;;;4944;2;4945;27;;;4941.5;65.45703
-1;68800;PEARLS;9995;23;;;;;10005;23;;;;;10000.0;0.0
-1;68800;BANANAS;4938;23;;;;;4945;23;;;;;4941.5;67.02344
-1;68900;BANANAS;4941;6;4938;21;;;4944;21;;;;;4942.5;65.125
-1;68900;PEARLS;9995;21;;;;;10005;21;;;;;10000.0;0.0
-1;69000;BANANAS;4939;3;4938;21;;;4944;1;4945;20;;;4941.5;65.83203
-1;69000;PEARLS;9998;3;9996;1;9995;20;10004;1;10005;20;;;10001.0;0.0
-1;69100;PEARLS;9995;21;;;;;10005;21;;;;;10000.0;0.0
-1;69100;BANANAS;4938;21;;;;;4945;21;;;;;4941.5;65.69336
-1;69200;PEARLS;9996;1;9995;26;;;10002;6;10004;1;10005;26;9999.0;0.0
-1;69200;BANANAS;4938;27;;;;;4943;6;4945;27;;;4940.5;67.296875
-1;69300;PEARLS;9996;2;9995;22;;;10004;2;10005;22;;;10000.0;0.0
-1;69300;BANANAS;4939;2;4938;22;;;4945;24;;;;;4942.0;69.35547
-1;69400;BANANAS;4939;1;4938;27;;;4945;28;;;;;4942.0;69.2168
-1;69400;PEARLS;10002;4;9996;1;9995;27;10004;1;10005;27;;;10003.0;0.0
-1;69500;PEARLS;10002;2;9998;3;9995;27;10005;27;;;;;10003.5;0.0
-1;69500;BANANAS;4939;3;4938;27;;;4945;27;;;;;4942.0;67.458984
-1;69600;PEARLS;9996;1;9995;24;;;10002;4;10004;1;10005;24;9999.0;0.0
-1;69600;BANANAS;4938;25;;;;;4943;4;4944;1;4945;24;4940.5;65.77344
-1;69700;PEARLS;9996;2;9995;27;;;10004;2;10005;27;;;10000.0;0.0
-1;69700;BANANAS;4938;2;4937;27;;;4944;29;;;;;4941.0;64.77539
-1;69800;BANANAS;4938;1;4937;26;;;4944;28;;;;;4941.0;63.914062
-1;69800;PEARLS;9996;2;9995;26;;;10004;2;10005;26;;;10000.0;0.0
-1;69900;PEARLS;9995;26;;;;;10005;26;;;;;10000.0;0.0
-1;69900;BANANAS;4937;26;;;;;4944;26;;;;;4940.5;63.279297
-1;70000;PEARLS;9998;10;9996;1;9995;28;10004;1;10005;28;;;10001.0;0.0
-1;70000;BANANAS;4938;10;4937;29;;;4944;29;;;;;4941.0;62.84375
-1;70100;PEARLS;9995;27;;;;;10002;6;10005;27;;;9998.5;0.0
-1;70100;BANANAS;4937;27;;;;;4942;6;4944;27;;;4939.5;61.308594
-1;70200;BANANAS;4937;1;4936;25;;;4943;26;;;;;4940.0;59.29492
-1;70200;PEARLS;9996;1;9995;25;;;10000;3;10004;1;10005;25;9998.0;0.0
-1;70300;PEARLS;9995;25;;;;;10005;25;;;;;10000.0;0.0
-1;70300;BANANAS;4936;25;;;;;4942;25;;;;;4939.0;55.126953
-1;70400;PEARLS;9996;2;9995;29;;;10002;4;10004;2;10005;29;9999.0;0.0
-1;70400;BANANAS;4936;2;4935;29;;;4940;9;4942;31;;;4938.0;53.945312
-1;70500;PEARLS;9995;24;;;;;10005;24;;;;;10000.0;0.0
-1;70500;BANANAS;4936;24;;;;;4943;24;;;;;4939.5;56.560547
-1;70600;BANANAS;4941;1;4936;2;4935;27;4942;29;;;;;4941.5;53.91797
-1;70600;PEARLS;9996;2;9995;27;;;10004;2;10005;27;;;10000.0;0.0
-1;70700;PEARLS;9995;24;;;;;10002;2;10005;24;;;9998.5;0.0
-1;70700;BANANAS;4935;24;;;;;4940;2;4942;24;;;4937.5;53.396484
-1;70800;PEARLS;9996;2;9995;30;;;9998;1;10004;2;10005;30;9997.0;0.0
-1;70800;BANANAS;4935;31;;;;;4942;32;;;;;4938.5;51.81836
-1;70900;PEARLS;9995;29;;;;;10005;29;;;;;10000.0;0.0
-1;70900;BANANAS;4934;29;;;;;4941;29;;;;;4937.5;48.73047
-1;71000;BANANAS;4940;1;4935;2;4934;29;4941;31;;;;;4940.5;48.60547
-1;71000;PEARLS;9996;2;9995;29;;;10004;2;10005;29;;;10000.0;0.0
-1;71100;PEARLS;9996;2;9995;20;;;10004;2;10005;20;;;10000.0;0.0
-1;71100;BANANAS;4934;22;;;;;4935;7;4941;22;;;4934.5;48.07422
-1;71200;PEARLS;9996;2;9995;24;;;10004;2;10005;24;;;10000.0;0.0
-1;71200;BANANAS;4935;2;4934;24;;;4941;26;;;;;4938.0;48.847656
-1;71300;PEARLS;9995;20;;;;;10005;20;;;;;10000.0;0.0
-1;71300;BANANAS;4935;20;;;;;4942;20;;;;;4938.5;51.98828
-1;71400;BANANAS;4934;30;;;;;4941;30;;;;;4937.5;49.32617
-1;71400;PEARLS;9998;1;9995;30;;;10005;30;;;;;10001.5;0.0
-1;71500;PEARLS;9996;1;9995;30;;;10004;1;10005;30;;;10000.0;0.0
-1;71500;BANANAS;4936;31;;;;;4942;1;4943;30;;;4939.0;55.896484
-1;71600;PEARLS;9995;22;;;;;10005;22;;;;;10000.0;0.0
-1;71600;BANANAS;4936;22;;;;;4943;22;;;;;4939.5;57.10547
-1;71700;PEARLS;9995;28;;;;;10005;28;;;;;10000.0;0.0
-1;71700;BANANAS;4936;28;;;;;4943;28;;;;;4939.5;57.83203
-1;71800;BANANAS;4937;2;4936;20;;;4943;22;;;;;4940.0;59.29297
-1;71800;PEARLS;9996;2;9995;20;;;10004;2;10005;20;;;10000.0;0.0
-1;71900;PEARLS;9996;2;9995;20;;;10004;2;10005;20;;;10000.0;0.0
-1;71900;BANANAS;4937;2;4936;20;;;4939;5;4943;22;;;4938.0;59.671875
-1;72000;PEARLS;9995;29;;;;;10002;8;10005;29;;;9998.5;0.0
-1;72000;BANANAS;4937;29;;;;;4942;8;4944;29;;;4939.5;62.009766
-1;72100;BANANAS;4937;28;;;;;4938;3;4942;1;4943;28;4937.5;60.148438
-1;72100;PEARLS;9996;2;9995;26;;;10002;1;10004;2;10005;26;9999.0;0.0
-1;72200;BANANAS;4936;21;;;;;4943;21;;;;;4939.5;57.132812
-1;72200;PEARLS;9996;1;9995;20;;;10004;1;10005;20;;;10000.0;0.0
-1;72300;BANANAS;4936;30;;;;;4942;30;;;;;4939.0;54.822266
-1;72300;PEARLS;9996;1;9995;29;;;10004;1;10005;29;;;10000.0;0.0
-1;72400;PEARLS;9995;24;;;;;10005;24;;;;;10000.0;0.0
-1;72400;BANANAS;4935;24;;;;;4942;24;;;;;4938.5;54.63867
-1;72500;PEARLS;9996;2;9995;28;;;10004;2;10005;28;;;10000.0;0.0
-1;72500;BANANAS;4936;30;;;;;4942;30;;;;;4939.0;54.84375
-1;72600;BANANAS;4938;4;4936;2;4935;22;4942;24;;;;;4940.0;53.80078
-1;72600;PEARLS;9996;2;9995;22;;;10004;2;10005;22;;;10000.0;0.0
-1;72700;PEARLS;9995;29;;;;;10005;29;;;;;10000.0;0.0
-1;72700;BANANAS;4936;29;;;;;4943;29;;;;;4939.5;56.384766
-1;72800;PEARLS;9995;30;;;;;10005;30;;;;;10000.0;0.0
-1;72800;BANANAS;4936;30;;;;;4943;30;;;;;4939.5;57.873047
-1;72900;PEARLS;9996;1;9995;23;;;10004;1;10005;23;;;10000.0;0.0
-1;72900;BANANAS;4937;1;4936;23;;;4943;24;;;;;4940.0;59.132812
-1;73000;BANANAS;4937;26;;;;;4943;2;4944;24;;;4940.0;60.402344
-1;73000;PEARLS;9996;2;9995;24;;;10004;2;10005;24;;;10000.0;0.0
-1;73100;PEARLS;9996;2;9995;24;;;10002;5;10004;2;10005;24;9999.0;0.0
-1;73100;BANANAS;4937;26;;;;;4942;5;4943;2;4944;24;4939.5;61.07617
-1;73200;PEARLS;9996;1;9995;30;;;10004;1;10005;30;;;10000.0;0.0
-1;73200;BANANAS;4938;1;4937;30;;;4944;31;;;;;4941.0;64.697266
-1;73300;PEARLS;9996;2;9995;22;;;10004;2;10005;22;;;10000.0;0.0
-1;73300;BANANAS;4941;2;4937;24;;;4944;24;;;;;4942.5;62.53711
-1;73400;BANANAS;4938;30;;;;;4943;6;4944;1;4945;29;4940.5;65.328125
-1;73400;PEARLS;9996;1;9995;29;;;9998;1;10002;6;10004;1;9997.0;0.0
-1;73500;BANANAS;4938;21;;;;;4945;21;;;;;4941.5;67.41211
-1;73500;PEARLS;9995;21;;;;;9998;1;10005;21;;;9996.5;0.0
-1;73600;PEARLS;10002;1;9995;21;;;10005;21;;;;;10003.5;0.0
-1;73600;BANANAS;4937;21;;;;;4944;21;;;;;4940.5;63.808594
-1;73700;BANANAS;4943;1;4937;20;;;4944;20;;;;;4943.5;63.20508
-1;73700;PEARLS;9995;20;;;;;9998;10;10005;20;;;9996.5;0.0
-1;73800;BANANAS;4938;6;4937;27;;;4944;27;;;;;4941.0;63.26367
-1;73800;PEARLS;10002;1;9998;6;9995;27;10005;27;;;;;10003.5;0.0
-1;73900;BANANAS;4939;3;4938;24;;;4944;2;4945;22;;;4941.5;65.79297
-1;73900;PEARLS;9998;3;9996;2;9995;22;10004;2;10005;22;;;10001.0;0.0
-1;74000;PEARLS;9995;21;;;;;10005;21;;;;;10000.0;0.0
-1;74000;BANANAS;4938;21;;;;;4941;3;4945;21;;;4939.5;65.916016
-1;74100;BANANAS;4939;2;4938;26;;;4944;2;4945;24;;;4941.5;66.04492
-1;74100;PEARLS;9998;2;9996;2;9995;24;10004;2;10005;24;;;10001.0;0.0
-1;74200;BANANAS;4938;29;;;;;4945;29;;;;;4941.5;65.19531
-1;74200;PEARLS;9995;29;;;;;10005;29;;;;;10000.0;0.0
-1;74300;BANANAS;4938;13;;;;;4944;24;;;;;4941.0;64.87891
-1;74300;PEARLS;9995;24;;;;;10005;24;;;;;10000.0;0.0
-1;74400;PEARLS;9995;21;;;;;10005;21;;;;;10000.0;0.0
-1;74400;BANANAS;4938;21;;;;;4939;1;4945;21;;;4938.5;67.38672
-1;74500;BANANAS;4941;1;4938;27;;;4945;27;;;;;4943.0;66.71484
-1;74500;PEARLS;9995;27;;;;;10005;27;;;;;10000.0;0.0
-1;74600;BANANAS;4938;28;;;;;4944;29;;;;;4941.0;64.89453
-1;74600;PEARLS;9996;2;9995;27;;;10004;2;10005;27;;;10000.0;0.0
-1;74700;BANANAS;4938;2;4937;20;;;4944;22;;;;;4941.0;64.27344
-1;74700;PEARLS;9996;2;9995;20;;;9998;1;10004;2;10005;20;9997.0;0.0
-1;74800;PEARLS;9996;2;9995;22;;;9998;2;10004;2;10005;22;9997.0;0.0
-1;74800;BANANAS;4938;2;4937;22;;;4944;24;;;;;4941.0;63.81836
-1;74900;BANANAS;4937;22;;;;;4942;3;4943;1;4944;21;4939.5;60.609375
-1;74900;PEARLS;9996;1;9995;21;;;9998;1;10002;3;10004;1;9997.0;0.0
-1;75000;BANANAS;4937;2;4936;23;;;4943;25;;;;;4940.0;59.183594
-1;75000;PEARLS;9996;2;9995;23;;;10004;2;10005;23;;;10000.0;0.0
-1;75100;BANANAS;4937;7;4936;21;;;4943;23;;;;;4940.0;59.23828
-1;75100;PEARLS;10002;1;10000;4;9998;5;10004;2;10005;21;;;10003.0;0.0
-1;75200;PEARLS;9996;1;9995;28;;;10004;1;10005;28;;;10000.0;0.0
-1;75200;BANANAS;4941;13;4937;29;;;4943;29;;;;;4942.0;59.89453
-1;75300;BANANAS;4936;27;;;;;4937;1;4943;27;;;4936.5;59.640625
-1;75300;PEARLS;9995;27;;;;;10005;27;;;;;10000.0;0.0
-1;75400;BANANAS;4941;5;4937;28;;;4943;2;4944;26;;;4942.0;61.32617
-1;75400;PEARLS;9996;2;9995;26;;;10004;2;10005;26;;;10000.0;0.0
-1;75500;BANANAS;4937;1;4936;23;;;4943;24;;;;;4940.0;59.41797
-1;75500;PEARLS;9996;1;9995;23;;;10004;1;10005;23;;;10000.0;0.0
-1;75600;PEARLS;9995;30;;;;;10002;9;10005;30;;;9998.5;0.0
-1;75600;BANANAS;4937;30;;;;;4941;9;4943;30;;;4939.0;59.85547
-1;75700;BANANAS;4937;20;;;;;4941;1;4943;20;;;4939.0;60.08789
-1;75700;PEARLS;9995;20;;;;;10002;1;10005;20;;;9998.5;0.0
-1;75800;BANANAS;4936;31;;;;;4942;2;4943;29;;;4939.0;55.34375
-1;75800;PEARLS;9996;2;9995;29;;;10004;2;10005;29;;;10000.0;0.0
-1;75900;BANANAS;4936;21;;;;;4939;1;4943;21;;;4937.5;56.953125
-1;75900;PEARLS;9996;1;9995;20;;;10004;1;10005;20;;;10000.0;0.0
-1;76000;PEARLS;10000;4;9995;21;;;10002;9;10005;21;;;10001.0;0.0
-1;76000;BANANAS;4936;21;;;;;4941;9;4943;21;;;4938.5;57.496094
-1;76100;BANANAS;4936;26;;;;;4943;26;;;;;4939.5;57.83008
-1;76100;PEARLS;9996;1;9995;25;;;10004;1;10005;25;;;10000.0;0.0
-1;76200;BANANAS;4936;20;;;;;4943;20;;;;;4939.5;59.09375
-1;76200;PEARLS;9995;20;;;;;10005;20;;;;;10000.0;0.0
-1;76300;BANANAS;4936;21;;;;;4943;22;;;;;4939.5;56.54297
-1;76300;PEARLS;9996;1;9995;21;;;9998;12;10004;1;10005;21;9997.0;0.0
-1;76400;BANANAS;4935;28;;;;;4942;28;;;;;4938.5;53.3125
-1;76400;PEARLS;9996;2;9995;26;;;10004;2;10005;26;;;10000.0;0.0
-1;76500;PEARLS;9996;1;9995;20;;;10004;1;10005;20;;;10000.0;0.0
-1;76500;BANANAS;4935;21;;;;;4941;1;4942;20;;;4938.0;50.26367
-1;76600;BANANAS;4940;1;4934;30;;;4941;30;;;;;4940.5;48.546875
-1;76600;PEARLS;9995;30;;;;;10005;30;;;;;10000.0;0.0
-1;76700;BANANAS;4936;1;4935;26;;;4941;1;4942;25;;;4938.5;50.789062
-1;76700;PEARLS;9998;1;9996;1;9995;25;10004;1;10005;25;;;10001.0;0.0
-1;76800;PEARLS;9996;2;9995;25;;;10004;2;10005;25;;;10000.0;0.0
-1;76800;BANANAS;4935;26;;;;;4942;27;;;;;4938.5;52.148438
-1;76900;PEARLS;9996;2;9995;21;;;10004;2;10005;21;;;10000.0;0.0
-1;76900;BANANAS;4935;23;;;;;4942;23;;;;;4938.5;52.015625
-1;77000;PEARLS;9996;2;9995;30;;;10004;2;10005;30;;;10000.0;0.0
-1;77000;BANANAS;4935;32;;;;;4941;2;4942;30;;;4938.0;50.810547
-1;77100;BANANAS;4935;29;;;;;4942;30;;;;;4938.5;52.128906
-1;77100;PEARLS;9996;1;9995;29;;;10004;1;10005;29;;;10000.0;0.0
-1;77200;PEARLS;9996;1;9995;29;;;10004;1;10005;29;;;10000.0;0.0
-1;77200;BANANAS;4935;1;4934;29;;;4941;30;;;;;4938.0;48.816406
-1;77300;PEARLS;9996;1;9995;23;;;10004;1;10005;23;;;10000.0;0.0
-1;77300;BANANAS;4935;24;;;;;4941;1;4942;23;;;4938.0;50.91992
-1;77400;PEARLS;9996;1;9995;21;;;10004;1;10005;21;;;10000.0;0.0
-1;77400;BANANAS;4935;1;4934;21;;;4941;22;;;;;4938.0;49.78125
-1;77500;BANANAS;4935;28;;;;;4941;2;4942;26;;;4938.0;50.640625
-1;77500;PEARLS;9996;2;9995;26;;;9998;3;10004;2;10005;26;9997.0;0.0
-1;77600;PEARLS;9996;1;9995;30;;;10004;1;10005;30;;;10000.0;0.0
-1;77600;BANANAS;4935;31;;;;;4941;1;4942;30;;;4938.0;50.335938
-1;77700;PEARLS;9998;4;9995;28;;;10005;28;;;;;10001.5;0.0
-1;77700;BANANAS;4935;5;4934;28;;;4941;28;;;;;4938.0;48.0
-1;77800;PEARLS;9995;29;;;;;10005;29;;;;;10000.0;0.0
-1;77800;BANANAS;4934;29;;;;;4941;29;;;;;4937.5;49.109375
-1;77900;PEARLS;9996;2;9995;24;;;9998;1;10004;2;10005;24;9997.0;0.0
-1;77900;BANANAS;4935;26;;;;;4942;26;;;;;4938.5;53.296875
-1;78000;BANANAS;4936;1;4935;28;;;4942;28;;;;;4939.0;53.523438
-1;78000;PEARLS;9998;2;9996;1;9995;27;10004;1;10005;27;;;10001.0;0.0
-1;78100;PEARLS;10002;1;9998;4;9996;1;10004;1;10005;30;;;10003.0;0.0
-1;78100;BANANAS;4936;4;4935;31;;;4942;31;;;;;4939.0;53.160156
-1;78200;PEARLS;9998;8;9996;1;9995;27;10004;1;10005;27;;;10001.0;0.0
-1;78200;BANANAS;4936;8;4935;28;;;4942;28;;;;;4939.0;51.51172
-1;78300;PEARLS;9998;3;9995;28;;;10005;28;;;;;10001.5;0.0
-1;78300;BANANAS;4936;3;4935;28;;;4942;28;;;;;4939.0;51.210938
-1;78400;BANANAS;4935;28;;;;;4942;28;;;;;4938.5;53.06836
-1;78400;PEARLS;9996;2;9995;26;;;10004;2;10005;26;;;10000.0;0.0
-1;78500;PEARLS;9995;21;;;;;10005;21;;;;;10000.0;0.0
-1;78500;BANANAS;4934;21;;;;;4941;21;;;;;4937.5;49.63672
-1;78600;PEARLS;9996;2;9995;30;;;10004;2;10005;30;;;10000.0;0.0
-1;78600;BANANAS;4935;32;;;;;4941;2;4942;30;;;4938.0;50.347656
-1;78700;PEARLS;9995;21;;;;;10005;21;;;;;10000.0;0.0
-1;78700;BANANAS;4934;21;;;;;4941;21;;;;;4937.5;47.839844
-1;78800;BANANAS;4940;1;4937;2;4935;2;4941;29;;;;;4940.5;48.947266
-1;78800;PEARLS;10002;8;9996;2;9995;27;10004;2;10005;27;;;10003.0;0.0
-1;78900;PEARLS;9996;1;9995;29;;;10004;1;10005;29;;;10000.0;0.0
-1;78900;BANANAS;4935;30;;;;;4941;1;4942;29;;;4938.0;51.171875
-1;79000;PEARLS;9996;1;9995;23;;;10004;1;10005;23;;;10000.0;0.0
-1;79000;BANANAS;4935;24;;;;;4941;1;4942;23;;;4938.0;50.478516
-1;79100;PEARLS;9995;24;;;;;10005;24;;;;;10000.0;0.0
-1;79100;BANANAS;4934;24;;;;;4935;1;4941;24;;;4934.5;47.63672
-1;79200;BANANAS;4934;26;;;;;4935;3;4941;26;;;4934.5;46.796875
-1;79200;PEARLS;9996;1;9995;25;;;10004;1;10005;25;;;10000.0;0.0
-1;79300;PEARLS;9996;1;9995;22;;;10004;1;10005;22;;;10000.0;0.0
-1;79300;BANANAS;4934;23;;;;;4941;23;;;;;4937.5;48.435547
-1;79400;PEARLS;9996;1;9995;21;;;10004;1;10005;21;;;10000.0;0.0
-1;79400;BANANAS;4934;22;;;;;4941;22;;;;;4937.5;47.36133
-1;79500;PEARLS;9996;2;9995;26;;;10004;2;10005;26;;;10000.0;0.0
-1;79500;BANANAS;4934;28;;;;;4940;2;4941;26;;;4937.0;46.36328
-1;79600;BANANAS;4934;24;;;;;4941;24;;;;;4937.5;45.29297
-1;79600;PEARLS;9995;24;;;;;10005;24;;;;;10000.0;0.0
-1;79700;PEARLS;10002;12;9998;1;9996;2;10004;2;10005;29;;;10003.0;0.0
-1;79700;BANANAS;4935;1;4934;31;;;4937;3;4941;31;;;4936.0;47.21875
-1;79800;PEARLS;9996;2;9995;24;;;10004;2;10005;24;;;10000.0;0.0
-1;79800;BANANAS;4939;1;4934;26;;;4941;26;;;;;4940.0;47.527344
-1;79900;PEARLS;9998;5;9996;2;9995;20;10004;2;10005;20;;;10001.0;0.0
-1;79900;BANANAS;4935;5;4934;22;;;4941;22;;;;;4938.0;47.83203
-1;80000;BANANAS;4934;25;;;;;4940;25;;;;;4937.0;45.09375
-1;80000;PEARLS;9996;1;9995;24;;;10004;1;10005;24;;;10000.0;0.0
-1;80100;PEARLS;9995;23;;;;;10002;5;10005;23;;;9998.5;0.0
-1;80100;BANANAS;4934;23;;;;;4939;5;4941;23;;;4936.5;48.095703
-1;80200;PEARLS;9996;2;9995;20;;;10004;2;10005;20;;;10000.0;0.0
-1;80200;BANANAS;4935;22;;;;;4941;22;;;;;4938.0;50.054688
-1;80300;PEARLS;9995;23;;;;;10005;23;;;;;10000.0;0.0
-1;80300;BANANAS;4935;3;4934;23;;;4941;23;;;;;4938.0;47.558594
-1;80400;BANANAS;4939;1;4934;1;4933;21;4940;22;;;;;4939.5;43.896484
-1;80400;PEARLS;9996;1;9995;21;;;9998;1;10004;1;10005;21;9997.0;0.0
